3060 5220
312 680 368 732 llVl
739 675 968 730 PRAEFATIO.

313 878 426 967 baec,
451 876 571 966 laedi,
596 874 749 966 haeret,
777 878 935 970 scriptun
960 885 1051 966 erat,
1078 885 1112 946 et
1137 877 1269 966 similia,
1296 880 1397 948 tacite

313 1030 449 1098 mumvi.
506 1025 633 1096 Omnes
663 1046 765 1114 vero,
800 1047 885 1119 qnae
913 1024 1051 1096 alicuius
1078 1029 1238 1095 momenti
1269 1035 1398 1116 essent,

315 1175 555 1269 discrepantias
581 1185 614 1246 et
638 1175 735 1248 leves
762 1175 887 1267 aliquot
903 1175 1088 1246 verborum
1104 1169 1398 1270 transpositiones,

316 1324 464 1416 quaein
495 1321 626 1396 chartas
658 1323 854 1417 typothetae
890 1323 1025 1395 traditas
1060 1324 1269 1417 irrepserant
1302 1331 1336 1394 et
1364 1324 1400 1393 in

315 1469 526 1562 corrigendis
545 1467 780 1563 speciminibus
799 1469 917 1541 oculos
934 1490 1031 1542 meos
1048 1470 1214 1561 fugerant,
1236 1473 1269 1540 in
1287 1491 1401 1541 anno-

315 1616 495 1689 tationibus
522 1616 642 1689 sedulo
667 1616 824 1692 indicavi.
887 1618 1027 1691 Glossas
1059 1621 1158 1689 ctiam
1188 1628 1221 1688 et
1250 1618 1400 1709 singrdas

316 1778 414 1839 notas
440 1765 644 1857 marginibus
669 1768 835 1860 appictas‚
865 1776 898 1836 et
929 1789 1011 1860 quas
1037 1766 1079 1838 ab
1104 1770 1180 1862 ipso
1208 1767 1400 1837 carmimum

318 1927 455 1988 auctore
481 1938 560 1990 esse
585 1915 758 2011 profectas
784 1914 962 1987 admodum
987 1915 1165 2011 probabile
1186 1924 1250 2006 est,
1277 1924 1311 1986 et
1332 1937 1401 1986 va-

318 2068 443 2138 riantes
463 2064 626 2138 lectiones
647 2064 771 2158 aliquot
787 2063 962 2138 vocabulis
986 2067 1262 2161 superimpositas
1280 2063 1402 2134 eadem

319 2236 399 2284 cura
431 2216 465 2285 in
498 2213 718 2308 appendicem
750 2215 863 2304 retuli,
900 2224 936 2285 ut
971 2213 1014 2285 de
1046 2217 1172 2287 veteris
1204 2213 1291 2284 illius
1323 2212 1403 2283 libri

320 2363 512 2435 conditione
542 2385 582 2432 ac
611 2371 728 2432 natura
757 2364 878 2434 iustum
909 2371 1001 2434 esset
1031 2363 1114 2433 viris
1144 2361 1261 2432 barram
1286 2383 1402 2432 rerum

319 2513 434 2604 peritis
468 2520 501 2582 ot
534 2509 634 2581 facile
667 2509 834 2582 indicium.
886 2509 981 2582 Alias
1014 2519 1112 2582 notas
1148 2509 1302 2582 consulto
1332 2532 1403 2581 non

319 2656 447 2747 addidi,
478 2658 568 2751 quod
598 2659 744 2729 omnium
773 2657 1017 2730 vocabulomm
1042 2661 1207 2731 rariorum
1230 2667 1267 2746 ct
1291 2659 1401 2731 minus

319 2806 495 2877 latinorum
521 2808 763 2901 explicationes
789 2828 835 2877 ex
851 2806 905 2877 Du
923 2805 1040 2899 (tangit
1066 2808 1233 2900 glossario
1259 2818 1403 2902 possunt

319 2958 398 3053 peti.
459 2958 612 3051 Denique
641 2957 676 3028 id
706 2960 778 3050 egi,
812 2965 847 3026 ut
876 2955 1062 3027 chartarum
1090 2955 1222 3030 bonitas
1253 2966 1286 3027 ct
1315 2959 1404 3028 nitor

321 3115 355 3177 et
379 3116 536 3201 typorum
564 3106 729 3198 elegantia
754 3107 811 3177 vel
838 3105 1023 3178 delicatulis
1052 3105 1214 3176 librorum
1240 3108 1405 3176 amatori-

321 3242 383 3327 bus
418 3253 578 3328 sufficerc
610 3257 752 3350 possint.
821 3254 951 3341 Quodsi
988 3278 1127 3350 operam
1166 3255 1348 3327 Gilleberto
1385 3279 1405 3326 a

321 3426 376 3475 me
401 3407 584 3500 impensam
609 3407 692 3478 viris
727 3404 865 3478 cruditis
898 3404 984 3476 haud
1019 3409 1154 3478 omnino
1192 3405 1405 3499 displicuisse

320 3553 535 3644 intellexero
562 3555 624 3625 erit
650 3576 716 3648 quo
741 3556 857 3628 laeter.

404 3748 517 3812 Dabam
538 3747 702 3812 Hammone
722 3747 785 3812 Kal.
806 3749 881 3813 Nov.
902 3747 1132 3812 nbcccxulx.

757 4039 952 4049 ———--——
