3060 5220
619 657 799 710 cnuntna.
1213 653 1252 718 35

1108 726 1172 847 ὗ
1212 728 1216 733 ,

334 873 467 935 Gaudeat
487 891 567 934 nune
588 873 683 936 bonus
705 879 752 938 vir
772 876 851 938 bene
872 874 1037 952 laborasse,

272 1005 397 1068 Noverit
418 1006 562 1069 ecelesias
583 1007 641 1070 illis
662 1025 697 1069 se
719 1008 858 1086 donasse,

273 1138 330 1211 Qui
351 1138 463 1200 vellent
483 1139 520 1200 ad
542 1157 668 1220 superos
691 1157 758 1202 eum
779 1141 837 1201 iam
857 1140 1005 1223 migrasse
1089 1172 1092 1177 ·

274 1268 389 1334 Etiam
411 1289 495 1334 suam
516 1273 642 1334 animam
664 1272 722 1334 dee
745 1271 978 1334 commendasse.

336 1582 396 1644 lste
417 1584 464 1643 vir
484 1581 648 1645 laudandus
671 1589 726 1660 est,
748 1585 808 1663 qui,
831 1602 905 1663 quos
927 1583 1006 1646 bene
1027 1585 1118 1661 novit,

276 1711 313 1773 Et
333 1731 408 1793 quos
430 1712 467 1774 ab
489 1712 611 1775 infantia
632 1716 735 1775 nutriit
756 1721 786 1775 et
808 1713 892 1791 fovit,

276 1843 324 1906 Ad
345 1844 494 1927 regendas
515 1847 628 1907 animas
649 1844 738 1908 utiles
759 1847 916 1926 promovit,

277 1976 371 2039 Litem
393 1976 430 2039 ab
453 1976 590 2039 ecclesiis
612 1983 642 2038 et
663 1977 768 2038 damna
788 1979 924 2039 removit.

339 2289 445 2354 Nonne
466 2291 715 2354 commendandus
738 2299 793 2369 est,
814 2293 865 2371 qui
886 2291 948 2354 suis
970 2291 1105 2372 cognatis

279 2421 443 2484 Providere
462 2424 574 2504 satagit
595 2424 684 2484 etiam
705 2424 758 2485 vix
779 2425 867 2501 natis,

280 2552 327 2632 Ut,
348 2573 414 2617 eum
436 2554 531 2617 nullas
552 2555 682 2617 habeant
702 2573 753 2618 res
774 2555 960 2632 hereditatis,

281 2687 392 2748 Tamen
414 2707 473 2751 non
495 2690 660 2751 sustineant
681 2705 756 2750 onus
778 2690 969 2768 paupertatis,

343 3001 419 3063 Vide
438 3017 527 3078 nunc,
548 3018 607 3082 qua
628 3000 753 3080 prodeat
773 3002 914 3063 sanctitas
936 3002 1069 3078 istorum,

282 3134 329 3196 Ad
349 3151 427 3213 quae
449 3133 526 3195 bona
548 3137 692 3213 provocet
713 3132 804 3194 eorda
825 3130 978 3208 laicorum,

283 3264 332 3327 Sic
353 3265 480 3328 illustrat
500 3265 593 3328 laicos
614 3267 709 3327 virtus
731 3261 923 3340 clericorum,

283 3396 320 3458 Ut
334 3379 490 3481 ‘exemplis
511 3399 617 3461 instrui
638 3396 790 3480 gaudeant
811 3397 952 3476 ipsorum.

347 3709 424 3784 Quid
446 3710 525 3770 enim
545 3707 657 3785 utilius,
678 3726 766 3787 quam
787 3707 890 3769 amieis
912 3705 994 3783 dare,
1178 3712 1190 3729 '
1230 3710 1254 3775 ,t

285 3843 322 3907 Et
341 3850 451 3922 tamen,
473 3843 552 3923 quod
575 3842 705 3933 dederis,
726 3840 779 3902 tibi
800 3839 982 3902 reservare?

286 3975 350 4038 Viri
372 3977 516 4058 sapientis
542 3982 588 4038 est
609 3976 762 4056 proximos
784 3971 880 4033 ditare

286 4106 324 4169 Et
347 4125 450 4170 eorum
472 4108 578 4189 opibus
600 4124 670 4170 suas
692 4103 853 4169 cumulare.

480 4217 483 4225 .
1034 4218 1074 4269 3·
