3060 5220
605 663 784 718 cantitat.

317 880 391 942 Nam
412 882 562 944 cervicem
583 880 724 942 tumidam
745 881 811 961 quis
833 881 929 962 inagis
951 881 1058 958 erexit,

261 1012 334 1086 Quis
355 1010 491 1072 mandata
512 1012 629 1074 Domini
651 1014 770 1093 saepius
792 1011 938 1095 neglexit,

261 1143 386 1217 Quam
378 1163 416 1221 rs,
426 1122 564 1271 φφ
545 1143 711 1207 ¹sublimitas
733 1144 820 1207 altius
842 1145 966 1207 evexit?
1066 1206 1087 1241 a

258 1275 355 1359 Magis
377 1282 424 1338 cst
445 1254 642 1407 owenus,
645 1294 735 1359 ¹prtem
755 1279 852 1361 rnagis
874 1278 987 1340 dilexit.

320 1589 452 1652 Videsne
474 1609 540 1652 cunr
561 1591 684 1654 senibus
706 1593 831 1654 iuvenes
853 1592 984 1668 studere,

258 1685 344 1795 Quali
366 1721 455 1784 rnodo
477 1719 595 1783 valeant
615 1721 706 1783 nndta
726 1722 894 1805 possidere,

258 1855 377 1918 Nullum
398 1854 487 1918 modo
509 1854 637 1918 studium
659 1854 775 1918 dulcius
797 1863 844 1917 est
865 1872 947 1932 aere,

259 1989 341 2051 Aere
362 1988 457 2052 dulcis
479 1989 564 2051 labor
586 1996 633 2050 est
653 1988 770 2051 loculos
793 1988 926 2069 implere.

321 2304 468 2384 Properas
491 2301 626 2380 ulterius,
647 2321 706 2365 non
728 2302 776 2364 hic
797 2301 903 2383 pedem
925 2305 1026 2376 sistas,

261 2437 321 2499 Sed
342 2437 502 2518 magistros
524 2436 635 2516 aspice,
655 2438 775 2517 respice
795 2433 931 2518 legistas,

260 2569 384 2631 Divinos
406 2567 594 2648 doctiloquos
615 2555 705 2663 aigne
727 2568 916 2646 decretistas,

261 2700 298 2762 lli
319 2718 378 2763 non
401 2707 505 2763 curant
525 2698 641 2765 loculos
661 2682 798 2783 implere,
820 2700 875 2763 sed
897 2702 996 2763 cistas.

325 3011 362 3074 Hi
384 3018 549 3092 sequuntur
569 3012 734 3092 praesules,
756 3013 858 3090 duces,
879 3011 1073 3093 patriarchas,

265 3146 396 3220 Quorum
417 3145 494 3208 dona
516 3146 647 3207 sentiunt
668 3150 698 3205 et
718 3161 822 3205 manus
844 3162 903 3206 non
924 3161 1040 3225 parcas,

261 3277 313 3341 lsti
335 3296 427 3359 saepe
448 3284 585 3340 reserant
605 3295 665 3339 non
687 3277 793 3360 egenis
815 3294 911 3354 arcas,

264 3409 324 3472 Sed
345 3417 377 3472 ut
398 3410 519 3493 linguae
540 3411 667 3491 pretinm
687 3411 795 3473 marcis
816 3410 925 3473 addant
946 3427 1070 3473 marcas.
1111 3402 1138 3453 *²²³

325 3722 377 3784 lsti
398 3740 452 3803 pro
474 3721 615 3784 divitibus
637 3720 718 3801 loqui
739 3728 807 3783 sunt
828 3724 932 3803 parati,

265 3854 400 3928 Quatuor
420 3870 474 3934 pro
497 3853 589 3915 divite
611 3859 737 3936 surgunt
757 3851 903 3930 advocati,

266 3985 325 4058 Qui
347 3986 436 4049 donat
457 3985 613 4064 ecclesias,
633 3985 702 4048 hnic
723 3985 839 4048 adstant
860 3985 969 4063 abbati,

266 4117 362 4180 Huius
383 4136 503 4181 causam
525 4136 620 4202 agere
641 4135 701 4181 non
722 4124 768 4180 est
789 4118 941 4180 insensati.
