3060 5220
754 650 979 704 GILLEBERTI

481 861 560 927 Nulli
582 866 647 926 sine
669 867 766 946 pretio
788 866 894 929 dantur
916 867 1088 950 dignitates,
1186 859 1187 863 ’

420 993 531 1057 Omnes
552 995 666 1059 lucrum
687 997 779 1059 allicit
799 1016 891 1081 reges
914 1005 944 1061 et
966 1000 1117 1081 primates,
1164 984 1167 989 ⁵

419 1127 597 1243 Htgagunt
617 1131 793 1210 praepositi,
813 1130 981 1211 praesules,
1008 1124 1016 1135 '
1048 1198 1052 1203 ,
1084 1120 1103 1209 J
1130 1177 1138 1206 ‚

419 1258 480 1322 Nus
501 1261 587 1340 sequi
608 1260 777 1322 timebimus
799 1266 843 1323 tet
863 1210 1142 1325 nautarum'rittesl

480 1569 596 1649 Securi,
618 1571 698 1651 quod
719 1571 822 1635 elerici
844 1572 966 1650 faciunt,
987 1591 1122 1656 egemus,

419 1702 537 1765 Nostris
560 1721 576 1764 a
598 1703 763 1765 maioribus
786 1703 922 1785 exempla
944 1722 1105 1780 sumemus,

418 1834 528 1896 Tritum
550 1836 664 1896 eunetis
686 1835 813 1897 orbitam
834 1853 889 1897 uus
911 1854 1033 1916 queque
1054 1843 1197 1912 teramus,

385 1928 397 1955 ,
419 1964 544 2028 Stultum
567 1974 613 2028 est
633 1968 763 2030 relicere
784 1969 907 2048 piscem,
929 1986 1018 2049 quem
1039 1968 1089 2031 det
1109 1969 1223 2032 hamus.

479 2279 691 2363 Magistrorum
713 2282 843 2343 omnium
864 2282 983 2362 respice
1005 2289 1193 2358 conventum,

417 2411 476 2474 Vix
496 2411 545 2474 vel
567 2430 626 2474 nen
648 2413 783 2475 invenies
804 2431 894 2475 uuum
915 2415 994 2476 iuter
1015 2420 1143 2491 eentum,

422 2543 517 2616 Quem
537 2543 603 2606 sole
624 2545 767 2607 canonice
789 2543 893 2607 videas
915 2551 1095 2623 contentum,

418 2673 478 2738 Sed
499 2676 585 2739 uobis
608 2684 655 2739 est
675 2677 782 2760 regula
804 2678 863 2740 vite
885 2678 1060 2757 sapientum.

478 2991 515 3053 Hi
537 2990 630 3053 lilrros
651 2993 821 3073 inspiciunt,
841 3009 897 3054 uus
919 2998 1001 3054 aetus
1025 3010 1138 3068 eurmn,

416 3123 475 3205 lpsi
495 3125 589 3186 nostri
610 3123 680 3186 libri
701 3130 779 3202 sunt,
800 3123 853 3186 lux
874 3131 904 3185 et
926 3126 974 3186 vie
996 3142 1121 3202 morum,

415 3252 452 3316 Et
473 3254 616 3336 quidquid
637 3257 799 3318 auctoritas
821 3255 945 3320 roborat
966 3255 1132 3332 doctorum,

415 3384 480 3447 Hoe
501 3403 560 3448 non
581 3386 676 3448 solum
699 3386 810 3449 bouum
832 3393 888 3464 est,
909 3406 1015 3450 verum
1037 3396 1068 3450 et
1089 3389 1240 3452 decorum.

477 3697 557 3759 Unus
579 3704 622 3760 tot
643 3698 781 3761 ecelesiis
804 3699 887 3763 solus
909 3716 967 3762 nou
989 3706 1155 3780 praeesset,

414 3829 445 3894 Si
467 3848 612 3911 praeesse
633 3830 767 3912 pluribus
788 3829 900 3894 licitum
922 3848 981 3892 nen
1003 3838 1095 3909 esset,

413 3962 472 4024 Per
491 3963 652 4047 magistros
674 3963 764 4025 etiem
785 3962 893 4025 melum
914 3962 971 4024 hoe
993 3964 1126 4042 quiesset

412 4095 445 4158 Si
467 4093 598 4176 quodid
620 4094 782 4177 egentibus
803 4095 907 4156 vitium
929 4096 1050 4157 inesset.
