3060 5220
796 658 1019 710 ntttununrr

521 855 558 917 Et
579 863 619 933 tu,
641 859 666 919 si
688 856 844 938 naufragia
866 858 961 920 seculi
982 860 1096 935 vitaris,

461 988 567 1050 Grates
589 989 646 1050 deo
667 987 793 1066 referas,
814 996 845 1050 et
864 1007 925 1050 non
947 989 1111 1067 extollaris,

461 1120 545 1196 Quia,
568 1139 635 1182 cum
656 1121 822 1202 procedere
843 1123 952 1202 possis,
974 1122 999 1182 si
1022 1122 1158 1196 moraris,

462 1254 579 1315 Timeas
602 1272 639 1314 ne
661 1255 757 1316 ianuis
779 1253 889 1316 clausis
912 1253 1090 1315 excludaris.

524 1568 640 1629 Divites
662 1569 691 1627 in
713 1567 817 1629 secuto
840 1566 977 1649 diligenti
1000 1584 1082 1641 cura,

463 1697 552 1759 Multa
574 1717 640 1759 cum
661 1696 843 1779 possideant,
864 1704 1011 1777 quaerunt
1032 1697 1130 1759 adhuc
1150 1697 1244 1778 plura,

464 1828 500 1890 Hi
522 1847 581 1890 non
603 1836 723 1891 cessant
744 1846 852 1909 rapere
875 1830 933 1891 cito
954 1832 1098 1911 peritura,

465 1962 507 2022 Tu
528 1980 588 2023 non
611 1980 714 2023 cesses
737 1979 885 2042 quaerere
907 1979 1026 2042 semper
1048 1961 1196 2023 duratura.

526 2274 712 2357 Aggregatis
733 2274 857 2356 plurima
878 2275 1009 2357 gaudent
1030 2292 1229 2357 aggregasse,

466 2406 593 2468 Servant
614 2414 645 2468 et
665 2426 724 2469 non
746 2409 880 2469 minuunt
900 2424 960 2468 uno
983 2406 1087 2469 saltem
1109 2424 1188 2482 asse,

467 2539 517 2602 Sic
538 2558 595 2602 nec
615 2540 668 2602 tibi
690 2542 762 2602 satis
784 2542 823 2601 sit
846 2541 933 2602 honis
955 2537 1122 2614 insudasse,

466 2669 561 2732 Etiam
583 2672 620 2732 ad
643 2672 790 2733 modicum
813 2670 916 2732 doleas
940 2687 1087 2731 cessasse.

529 2983 576 3043 lre
598 2989 701 3045 contra
724 2985 876 3065 gurgitem
899 2991 986 3044 nauta
1009 2983 1077 3044 dum
1099 2982 1260 3060 contendit,

469 3115 500 3177 Si
522 3133 581 3176 non
602 3134 721 3177 sursum
743 3116 869 3193 ducitur,
891 3133 962 3177 mox
983 3114 1125 3176 deorsum
1145 3115 1251 3176 tendit:

469 3247 518 3309 Sic
539 3266 745 3328 quemcunque
767 3248 877 3310 domini
899 3249 1006 3312 caritas
1029 3247 1174 3324 accendit,

468 3379 528 3440 Aut
548 3379 646 3460 piacet
666 3380 837 3461 proficiens,
858 3388 908 3442 aut
929 3398 1052 3442 cessans
1074 3379 1207 3442 offendit.

530 3690 613 3773 Ergo
634 3693 704 3753 totis
725 3691 840 3753 viribus
861 3691 982 3753 studeas
1003 3691 1134 3772 placere,

469 3822 593 3884 Sursum
615 3829 743 3883 mentem
766 3825 881 3905 erigas,
907 3841 984 3903 quae
1005 3829 1073 3884 sunt
1093 3841 1211 3885 sursum
1234 3842 1358 3904 quaere,

470 3954 593 4015 Omnem
615 3953 694 4015 diem
716 3953 848 4016 ultimum
870 3953 977 4016 credas
999 3955 1164 4032 imminere,

469 4085 583 4146 Etiam
605 4084 643 4146 ad
664 4085 804 4147 iudicium
826 4093 856 4148 te
878 4086 1042 4149 ducendam
1067 4105 1145 4149 rere.
