3060 5220
337 658 379 725 38
771 656 993 710 GlLLEBERTl

409 732 478 859 a.

455 844 461 851 ยน
500 872 576 935 Olim
598 875 716 955 signum
737 872 835 934 fuerat
855 871 982 934 huminis
1004 875 1095 950 avari,

438 1007 541 1070 Plures
563 1007 600 1069 ad
622 1007 766 1069 eeclesias
788 1023 956 1087 quenquam
976 1005 1097 1082 titulari,

437 1140 526 1204 Modo
548 1140 631 1203 multi
652 1145 792 1225 satagunt
812 1145 931 1203 sanctus
952 1139 1070 1215 imitari,

437 1273 495 1336 Per
516 1291 591 1355 quas
614 1273 687 1367 duas
709 1273 835 1356 contigit
855 1273 960 1354 plebes
981 1273 1153 1355 gubernari.

499 1587 580 1650 Binis
598 1552 762 1669 episcopiis
784 1586 912 1670 praefuit
932 1587 1094 1664 Maternus,

438 1717 499 1782 Sed
519 1737 596 1780 nunc
616 1721 713 1801 magis
735 1720 837 1781 inuitat
856 1719 912 1782 hos
934 1738 1018 1781 amor
1038 1737 1195 1800 supernus,

438 1851 534 1914 Maior
554 1869 608 1933 pro
631 1851 768 1914 ecclesiis
790 1851 874 1913 zelus
897 1857 943 1913 est
963 1851 1134 1929 modernus,

440 1982 514 2055 Quia
536 1982 608 2046 nulli
630 1982 739 2046 sufficit
760 2001 901 2046 numerus
922 1990 1093 2064 quaternus.

502 2297 572 2358 Tam
593 2296 754 2378 prudentes
776 2303 885 2358 ettam
907 2303 975 2359 sunt
995 2298 1084 2359 animi
1104 2295 1233 2376 fidentis,

438 2429 504 2492 Non
524 2430 628 2491 timent
649 2429 789 2490 iudicium
811 2436 916 2491 cuncta
937 2430 1127 2509 requirentis

437 2560 632 2644 Respondete
653 2564 780 2643 prompti
801 2568 869 2624 sunt
889 2564 930 2623 ita
952 2560 989 2622 de
1011 2562 1191 2643 quingentis,

439 2695 537 2758 Veluti
559 2694 598 2757 de
620 2701 747 2775 quatuor
767 2694 816 2756 vel
837 2695 971 2774 quinque
992 2692 1120 2754 talentis.

501 3010 610 3094 Magna
632 3009 809 3073 confidentia
827 3009 980 3071 hominum
1002 3010 1138 3071 istorum!

441 3141 491 3206 Sic
511 3141 660 3206 confidunt
680 3142 794 3204 viribus
816 3149 932 3205 actuum
954 3160 1086 3219 suorum,

440 3276 558 3340 Nullum
579 3276 682 3339 volunt
702 3294 822 3339 sumere
843 3277 958 3338 socium
978 3275 1123 3351 laborum,

442 3408 506 3472 Hoc
527 3410 627 3490 perire
649 3414 792 3486 metuunt,
813 3407 893 3487 quod
914 3425 973 3470 non
995 3413 1041 3469 est
1063 3424 1174 3468 eorum.

502 3723 583 3800 Ideo,
604 3742 642 3785 ne
663 3729 796 3804 pereant,
818 3728 932 3786 certant
952 3721 1112 3797 custodire,

442 3855 563 3936 Septem
585 3854 635 3917 ille
656 3855 773 3917 vicibus
796 3854 906 3917 mavult
926 3848 1048 3917 Romam
1069 3856 1124 3930 ire,

442 3987 553 4049 Mavult
574 3987 644 4048 inde
665 3985 791 4068 pallidus
813 3994 1004 4067 tremensque
1026 3985 1137 4062 redire,

442 4120 535 4194 Quam
556 4121 708 4201 permittat
729 4118 818 4181 alium
840 4137 915 4182 onus
936 4118 994 4182 hoc
1015 4117 1126 4179 subire.
