3060 5220
756 640 980 693 GILLEBERTI

482 855 678 918 Promovendi
699 854 847 935 quoddam
868 861 915 916 est
935 872 1032 938 genus
1053 855 1083 917 in
1104 853 1255 935 praelatis,

420 985 505 1057 Quod
526 985 623 1067 surgit
644 1003 661 1046 a
682 991 802 1046 mutuae
823 985 903 1048 bono
924 985 1052 1066 pietatis,
1144 998 1147 1005 ’

419 1116 554 1237 quative
575 1116 722 1197 siquidem
744 1134 833 1178 causa
856 1117 986 1178 caritatis
1059 1110 1062 1115 ’

419 1248 572 1311 Praelatus
594 1247 752 1310 eeclesiam
773 1247 822 1309 dat
842 1245 978 1328 praelato
999 1234 1103 1328 gratis.

481 1562 579 1624 Gratis
600 1562 721 1643 quidem
742 1562 801 1640 dat,
822 1562 876 1625 sed
897 1561 955 1624 hoe
976 1579 1036 1624 non
1057 1561 1150 1623 debes
1172 1563 1283 1639 mirari,

419 1695 492 1757 Nam
513 1696 550 1757 ab
572 1695 633 1774 illo,
655 1698 702 1758 cui
724 1695 783 1775 dat,
804 1697 870 1758 vice
891 1714 1011 1777 quoque
1031 1697 1095 1776 pari

418 1831 574 1894 Meliorem
595 1829 723 1912 aliquam
743 1837 846 1911 sperat
866 1830 924 1893 sibi
946 1830 1025 1906 dari;

418 1960 481 2024 Hac
501 1979 556 2044 spe
577 1960 675 2025 solent
694 1962 808 2025 semina
829 1968 928 2023 terrae
950 1962 1159 2025 commendari.

480 2273 534 2336 Est
554 2274 651 2337 adhuc
672 2281 702 2336 et
722 2274 798 2337 alius
819 2275 924 2338 modus
946 2275 1151 2357 promovendi,

417 2406 571 2486 Frequens
591 2424 648 2468 nee
669 2405 780 2469 inutilis
801 2405 913 2488 gradus
934 2406 1125 2485 ascendendi,

418 2536 449 2599 Si
470 2535 595 2617 praelati
616 2533 706 2597 fuerit
726 2541 841 2618 tempus
863 2536 1006 2618 eligendi,

417 2667 499 2729 Tunc
519 2673 642 2748 apparet
662 2668 804 2729 sanctitas
826 2664 884 2728 zeli
905 2666 1075 2729 reverendi.

476 2980 551 3043 Nam
572 2982 623 3062 qui
642 2979 710 3063 plus
731 2978 883 3042 desiderat
902 2980 1044 3043 iratribus
1065 2980 1221 3062 prodesse,

416 3111 468 3174 ille
489 3111 586 3175 modis
607 3113 745 3175 omnihus
765 3114 875 3197 satagit
894 3129 1050 3194 praeesse,

415 3243 488 3306 Mox
508 3261 563 3307 suo
585 3244 710 3308 consilio
730 3244 875 3326 praecipit
895 3243 1014 3323 adesse,

416 3372 499 3446 Quos
519 3375 617 3456 magis
638 3372 764 3436 idoneos
785 3373 844 3437 sibi
864 3373 949 3436 novit
969 3391 1048 3438 esse.

475 3686 606 3768 Fratres,
625 3689 729 3769 inquit,
749 3689 874 3753 cernitis
895 3689 975 3769 quod
995 3695 1098 3752 noster
1118 3687 1278 3769 praelatus,

414 3820 496 3883 Deus
517 3823 562 3883 sio
583 3821 738 3903 disposuit,
758 3821 846 3885 nobis
867 3826 914 3883 est
935 3819 1061 3898 ablatus,

414 3955 472 4016 Diu
492 3955 518 4016 si
539 3954 692 4017 vacaverit
712 3953 802 4017 sedes
823 3954 984 4034 prioratus

413 4086 547 4148 Peiorari
567 4087 679 4168 poterit
698 4088 793 4150 nostri
814 4085 874 4150 loci
896 4092 998 4149 status.
