3060 5220
740 632 964 686 GlLLEBERTl

468 849 502 910 ln
521 867 619 932 agone
640 848 745 911 similis
767 857 833 912 esto
855 850 1029 926 decertanti,

407 980 462 1043 Ubi
484 987 582 1043 tantus
604 974 742 1062 populus,
763 988 949 1064 spectatores
970 983 1053 1058 tanti,

407 1115 532 1197 Magnus
555 1114 596 1176 ibi
618 1116 756 1195 provenit
776 1114 873 1176 honor
894 1113 1082 1194 triumphanti

406 1246 443 1308 Et
464 1249 559 1329 major
580 1245 716 1309 conlusio
738 1245 814 1317 male
837 1246 994 1308 dimicanti.

471 1558 530 1621 Sed
553 1576 606 1621 cur
626 1558 680 1620 tibi
702 1557 829 1639 populus
852 1575 941 1619 causa
964 1558 1002 1617 sit
1023 1556 1151 1632 timoris,

408 1691 479 1753 Cum
501 1710 518 1753 a
540 1689 620 1752 mille
642 1690 770 1751 millibus
792 1687 968 1772 angelorum
990 1687 1090 1749 choris

407 1822 451 1884 'le
473 1822 568 1884 videri
590 1828 704 1884 certum
726 1823 765 1882 sit
785 1822 922 1883 omnibus
944 1823 974 1882 in
995 1821 1099 1883 horis?

408 1955 487 2017 Nihil
509 1973 637 2035 unquam
659 1954 731 2016 latet
751 1953 800 2015 hic
822 1959 853 2014 et
873 1953 951 2015 intus
974 1959 1004 2014 et
1025 1952 1108 2015 loris.

471 2272 513 2332 Te
535 2273 617 2333 cives
640 2269 768 2353 angelici
790 2286 909 2351 semper
930 2251 1184 2349 contemplantur

407 2401 445 2464 Et
465 2402 504 2464 de
524 2404 583 2464 tuis
604 2402 719 2464 actibus
741 2401 827 2464 bonis
848 2398 1024 2481 gloriantur,

408 2533 494 2613 Vide,
516 2541 624 2615 quanta
646 2534 756 2617 gaudia
777 2535 832 2595 tibi
852 2539 1076 2613 praeparantur,

410 2665 521 2729 Omnes
542 2673 611 2728 tuae
633 2665 750 2748 gloriae
771 2665 896 2746 palmam
918 2665 1146 2746 praestolantur.

471 2979 572 3040 Debes
593 2978 714 3058 quidem
734 2979 885 3041 hominum
907 2978 1011 3041 oculos
1033 2979 1133 3040 vereri
1216 2973 1218 2975 ’

410 3110 447 3173 Et
466 3113 563 3194 magis
585 3111 739 3194 angelicos
760 3116 865 3174 coetus
886 3112 1032 3188 revereri,

411 3243 471 3306 Sed
491 3244 583 3306 multo
604 3245 781 3325 propensius
803 3244 943 3306 convenit
962 3243 1061 3304 timeri

411 3376 506 3455 Hunc,
527 3378 578 3457 qui
600 3376 700 3439 cordis
722 3377 822 3438 intima
843 3381 943 3456 potest
964 3376 1082 3436 intueri.

474 3689 506 3752 Si
527 3706 627 3752 coram
648 3689 817 3753 hominibus
838 3707 898 3752 non
918 3690 1084 3770 praesumis
1106 3696 1197 3766 stare,

411 3821 476 3883 Nisi
496 3821 579 3902 prius
600 3820 721 3883 studeas
742 3819 850 3884 faciem
871 3839 980 3884 ornare

412 3952 449 4014 Et
469 3954 524 4016 tibi
545 3953 674 4016 sollicite
695 3960 797 4015 vestes
819 3953 970 4035 adaptare,

412 4085 470 4148 Dei
490 4085 609 4167 qualem
630 4085 724 4149 oculis
746 4085 840 4148 debes
861 4092 892 4147 te
913 4086 1058 4148 servare?
