3060 5220
324 626 365 692 ld

758 623 982 678 GlLLEBEllTl

425 826 430 839 '
486 841 512 903 0
534 840 630 902 zelum
652 840 792 916 iustitiae,
812 838 934 921 dignum
955 856 1064 921 rnagno
1085 838 1223 901 munere!

424 972 570 1045 Quantum
591 977 677 1052 putas
698 973 795 1032 virurn
815 971 893 1033 huno
912 969 1053 1052 populum
1075 970 1213 1052 diligere,

425 1104 482 1178 Qui
503 1106 643 1186 proponit
663 1105 772 1184 potius,
794 1103 937 1184 quidquid
957 1103 1057 1180 habet,
1077 1103 1216 1184 perdere,

425 1236 529 1317 Quam,
549 1256 603 1319 pro
625 1237 732 1317 quibus
753 1236 860 1318 litigat,
882 1238 993 1298 animas
1016 1254 1076 1298 non
1095 1235 1228 1319 regere?

488 1553 519 1617 Si
541 1555 578 1616 da
599 1552 784 1636 litigantibus
805 1552 882 1615 alter
902 1559 1070 1634 superatur,

425 1687 459 1748 ln
480 1688 603 1749 victoris
625 1686 724 1748 odium
745 1688 843 1748 vietus
865 1688 1021 1763 excitatur,

426 1818 491 1880 Non
513 1818 593 1898 quod
615 1819 643 1880 ei
665 1817 794 1900 dignitas
816 1817 969 1880 lucrurnve
992 1818 1120 1896 tollatur,

427 1949 487 2014 Sed
508 1951 588 2032 quod
609 1951 720 2013 salvam
742 1950 843 2014 lacere
864 1951 983 2032 plebem
1004 1970 1064 2014 non
1085 1953 1207 2014 sinatur.

489 2263 657 2344 Temporali
679 2262 833 2326 commodo
855 2281 914 2324 non
936 2262 987 2324 llet
1008 2264 1164 2344 seprivari,

429 2396 489 2459 Sed
511 2396 635 2459 coelesti
656 2397 789 2476 praemio
810 2395 892 2457 dolet
912 2394 1045 2476 spoliari,

430 2527 516 2601 Quod
536 2528 648 2590 laboris
669 2530 776 2590 merito
796 2536 900 2608 posset
921 2530 979 2592 sibi
1001 2529 1075 2607 dari,
1192 2600 1193 2603 Ἴ

430 2659 495 2723 Deo
515 2667 626 2722 tanturn
648 2663 760 2722 animas
781 2659 875 2722 voluit
895 2660 1013 2723 luorari.

492 2974 650 3037 Aemulum
672 2977 730 3038 iarn
750 2978 893 3057 persequi
915 2984 1015 3038 cesset
1036 2983 1066 3037 et
1088 2977 1183 3054 odire,

432 3105 493 3170 Sub
515 3125 550 3168 se
572 3125 622 3169 res
644 3114 675 3168 et
695 3107 822 3189 populus
843 3115 981 3190 poterant
1000 3111 1111 3190 perire,

432 3240 516 3302 Licet
536 3242 593 3303 iste
614 3243 730 3302 neseiat
749 3241 868 3322 plebem
890 3240 1021 3316 erudire,

433 3372 525 3436 Caute
546 3379 645 3436 tamen
665 3375 775 3455 poterit
794 3373 908 3434 fructus
930 3371 1090 3432 custodire.

495 3686 604 3770 Magna
625 3693 748 3749 cunctos
771 3687 878 3748 caritas
900 3685 989 3747 hodie
1011 3685 1155 3762 accendit,

436 3819 516 3881 Oves
539 3819 648 3881 Christi
669 3836 779 3901 regere
802 3817 927 3898 quilibet
947 3817 1082 3894 intendit,
1164 3786 1166 3790 Ι

435 3952 501 4030 Hic,
522 3971 560 4012 ne
580 3952 687 4032 perdat
707 3952 855 4033 regimen,
876 3952 974 4014 ornnia
996 3950 1148 4032 expendit,

434 4086 472 4148 Et
493 4106 531 4148 ne
553 4088 649 4167 possit
668 4086 806 4168 perdere,
827 4085 956 4166 perdere
978 4084 1136 4147 contendit.
