3060 5220
547 653 724 706 canninn.

263 871 333 949 Sed,
354 876 386 931 ut
407 868 507 930 volunt
527 867 628 948 aliqui,
649 865 798 947 paululum
820 864 959 926 cedamus

202 1003 312 1066 Generi
333 1001 474 1064 nobilium
497 1006 527 1061 ct
548 996 832 1073 condescendamus,

202 1134 303 1217 Agros
326 1140 357 1195 et
377 1133 521 1196 ecclesias
544 1133 588 1193 eis
611 1130 818 1207 concedamus,

203 1265 339 1328 Debitam
361 1264 500 1328 familiam
521 1281 580 1326 non
600 1262 820 1324 interdicamus.

267 1576 331 1639 Hoc
353 1575 491 1656 exemplo
514 1578 606 1637 ceteri
628 1575 737 1638 donant
758 1574 824 1636 vela
847 1579 952 1653 ventis,
1061 1528 1074 1569 ξ

206 1710 242 1773 Et
263 1729 322 1773 non
344 1710 440 1772 solum
461 1711 604 1790 consequi
626 1716 712 1789 terga
734 1707 941 1788 praecedentis

206 1840 326 1919 Volunt,
346 1841 401 1903 sed
421 1840 605 1923 praecedere
627 1840 763 1902 cursibus
784 1858 844 1903 non
865 1839 953 1901 lentis

207 1972 244 2035 Et
265 1973 385 2035 dorsum
408 1973 568 2036 ostendere
590 1972 684 2034 vultui
706 1973 868 2053 sequentis.

270 2287 382 2368 inquo
404 2293 473 2349 sunt
493 2285 642 2348 nobilibus
664 2287 799 2367 dispares
822 2286 948 2348 ornatu?

212 2417 269 2480 Sed
292 2419 372 2480 ethi
394 2418 554 2480 lasciviunt
575 2419 681 2498 quovis
704 2425 857 2500 apparatu,

211 2549 327 2612 Ludunt
347 2550 537 2614 nihilominus
558 2552 657 2613 avium
678 2526 780 2614 volatu

213 2680 347 2744 Gaudent
368 2701 426 2744 non
447 2683 477 2744 in
498 2683 609 2765 praeda
630 2684 696 2764 pius
719 2702 806 2764 quam
828 2702 932 2746 canum
953 2684 1069 2747 latratu.
1126 2775 1128 2781 Α

276 2999 327 3061 {sti
350 3016 469 3079 quoque
491 3000 582 3060 variis
604 2997 720 3081 fulgent
740 3001 771 3060 in
792 2998 949 3075 mantellis,

213 3131 285 3193 Late
306 3129 414 3192 limbus
436 3128 537 3191 rutilat
556 3129 724 3190 rubricatae
745 3128 843 3210 peliis,

214 3262 250 3325 Et
271 3263 428 3346 gemmatis
450 3261 536 3344 digiti
557 3260 674 3322 radiant
694 3260 810 3338 anellis,

214 3395 373 3458 Deauratis
396 3396 484 3455 etiam
506 3393 639 3455 resident
661 3395 691 3455 in
712 3392 803 3455 sellis.

213 3716 216 3723 '
277 3709 344 3771 Non
365 3708 469 3769 maiori
491 3724 615 3768 numero
637 3706 769 3789 gaudent
789 3705 963 3768 famulorum

217 3840 272 3918 liii,
293 3841 344 3921 qui
367 3839 404 3901 de
426 3856 542 3921 genere
564 3845 632 3900 sunt
652 3837 842 3916 nobiliorum,

219 3971 328 4035 Christi
349 3972 568 4054 patrimonium,
589 3988 644 4050 pro
666 3968 764 4030 dolori
787 3970 911 4031 istorum

219 4103 261 4165 ita
283 4103 377 4165 servit
397 4101 511 4166 lusibus
534 4103 610 4164 sicut
632 4108 662 4163 et
682 4100 807 4164 iliorum.
