3060 5220
622 663 800 715 canullan.

334 877 444 939 Omnes
466 885 563 938 autern
586 879 718 959 virgines
741 900 800 943 n0n
821 888 889 942 sunt
909 880 996 942 huius
1018 884 1135 957 mentis,

274 1009 367 1092 Virgo
387 1011 467 1071 vitae
488 1009 616 1092 diligens
638 1012 747 1091 gaudia
768 1014 946 1092 praesentis,

273 1143 356 1216 Quae
377 1162 489 1205 morani
511 1141 569 1203 lert
590 1145 724 1224 graviter
744 1143 823 1205 thori
845 1144 1004 1219 venientis,

231 1271 233 1276 ’
273 1275 367 1356 Virgo
389 1293 446 1337 nun
469 1281 515 1336 est
536 1275 631 1337 oeulis
653 1278 750 1337 omnia
773 1276 910 1338 videntis.

333 1587 387 1649 Est
408 1595 438 1649 et
458 1590 546 1671 virgo
568 1590 691 1669 cupiens
712 1591 800 1672 virgo
823 1607 1009 1669 permanere,

273 1719 336 1780 Nec
357 1736 391 1780 se
412 1721 497 1780 timet
517 1719 632 1782 actibus
655 1720 749 1782 seculi
770 1723 909 1798 miscere,

273 1850 324 1912 llla
345 1852 403 1913 sibi
425 1854 542 1914 noverit
563 1871 664 1914 casum
686 1854 851 1930 iinrninere,

273 1983 337 2045 Nisi
359 1984 459 2046 mundi
480 1984 604 2065 laqueos
625 1984 744 2046 studeat
765 2004 883 2047 cavere.

335 2293 389 2356 Est
409 2294 505 2356 adliuc
526 2301 556 2355 et
577 2296 710 2376 virgines
732 2295 874 2376 quasdain
896 2298 1042 2373 invenire,

275 2425 354 2498 Quas
376 2428 474 2488 earnis
495 2428 651 2508 integritas
673 2425 744 2488 lacit
764 2426 936 2507 superbire;

275 2557 353 2618 lstae
374 2576 444 2620 suas
465 2556 618 2640 lampades
639 2559 741 2621 nolunt
762 2559 914 2638 redimire,

275 2689 339 2751 Nec
360 2690 509 2753 coelestes
530 2691 673 2754 thalamos
695 2699 819 2772 possunt
840 2694 974 2755 introire.

339 3004 448 3066 Harurn
467 3007 500 3075 jn
521 3003 704 3085 lampadibus
726 3004 825 3067 oleunt
846 3023 906 3066 n0n
927 3004 1032 3088 fulget,

277 3138 397 3199 Vanitas
419 3142 553 3213 evacuat,
574 3135 681 3198 blanda
702 3136 767 3198 laus
790 3136 931 3218 emulget,

277 3270 366 3352 Vulgi
388 3272 475 3352 virgo
498 3269 635 3331 laudibus
657 3268 726 3330 duni
746 3271 835 3331 nimis
857 3268 1002 3352 indulget,

278 3401 384 3463 Coram
406 3401 463 3463 den
485 3402 622 3462 meritum
643 3401 772 3482 perdens
794 3420 853 3464 nnn
874 3401 1015 3485 refulget.

339 3716 463 3778 Praeter
483 3717 556 3777 istas
578 3715 654 3777 aliae
675 3715 773 3778 solent
794 3714 918 3795 gloriari

279 3847 424 3930 Virginali
445 3848 551 3929 gratia
573 3846 626 3907 sed
649 3845 758 3927 dignae
781 3844 904 3926 culpari,

279 3979 332 4043 Est
354 3983 431 4041 enirn
452 3997 530 4060 quae
551 3978 643 4060 pollet
663 3979 719 4040 liae
740 3979 809 4040 dote
832 3977 986 4061 singulari,

279 4111 342 4173 Nee
363 4111 479 4173 laborat
500 4110 557 4173 alia
579 4130 613 4172 re
634 4110 795 4173 meliorari.
