3060 5220
732 656 957 713 otulnssuttnt

456 871 524 935 Non
545 870 641 934 solum
662 890 723 936 non
744 871 893 951 detrahas,
914 875 969 937 sed
990 893 1048 938 nec
1068 875 1234 941 detrahenti

396 1001 495 1066 Aures
517 1011 586 1066 tuae
606 992 727 1086 pateant
748 1012 779 1067 et
798 1004 998 1083 maledicenti,

397 1134 469 1198 lllcx
489 1136 529 1197 sit
548 1142 616 1199 tuus
638 1135 743 1199 similis
764 1136 863 1199 multus
884 1137 1035 1216 irascenti,

398 1267 455 1329 Per
475 1285 566 1347 quem
586 1274 656 1329 tuae
676 1275 777 1349 pateat
797 1267 958 1351 displicere
980 1273 1081 1333 menti.

460 1580 610 1663 Lapidem,
631 1600 720 1662 quem
741 1589 880 1663 penetrat
899 1583 975 1665 lapis
995 1583 1150 1661 iaculatus,

399 1716 430 1778 si
452 1723 605 1779 auctorem
625 1718 736 1798 repetit
755 1723 807 1780 aut
827 1715 906 1781 cadit
925 1719 957 1778 in
977 1715 1065 1793 latus,

400 1847 450 1912 Sic
470 1869 570 1913 sermo
590 1848 729 1912 maledici
750 1850 885 1930 quamvis
906 1848 1050 1911 faleratus

400 1983 471 2046 lilcx
491 1985 522 2045 in
543 1985 638 2066 ipsum
659 1981 774 2060 redeat,
795 1987 846 2042 aut
867 1981 953 2043 cadat
971 1981 1140 2044 irustratus.

461 2300 518 2373 om
539 2307 694 2382 postquam
716 2316 751 2361 se
772 2299 881 2361 viderit
901 2316 918 2358 a
939 2303 970 2359 te
990 2296 1128 2373 fastidiri,

400 2432 466 2496 Non
485 2438 658 2514 praesumet
677 2431 802 2512 amplius
823 2447 924 2493 coram
944 2435 975 2490 te
996 2430 1126 2506 mentiri,

401 2562 547 2625 Adulator
568 2564 657 2624 etiam
678 2562 796 2626 desinet
816 2561 953 2642 blandiri,

402 2696 442 2757 Se
463 2713 523 2759 non
545 2694 707 2758 efficaciter
727 2697 861 2758 sentiens
882 2694 987 2757 audiri.

463 3009 650 3071 Maledictum
671 3009 763 3091 igitur
783 3008 915 3091 linguam
936 3014 967 3069 et
988 3007 1131 3084 dolosam,

403 3141 486 3204 Siout
505 3141 594 3203 deum
615 3139 726 3224 diligis,
746 3141 859 3204 habeas
880 3158 1018 3216 exosam3

402 3274 555 3337 Potionem
575 3290 696 3336 sumere
716 3271 797 3356 fugis
818 3290 1012 3350 venenosam,

403 3405 499 3488 Magis
520 3405 652 3487 linguam
672 3404 772 3487 fugias
793 3407 908 3467 animae
929 3404 1110 3468 damnosam.
1169 3367 1174 3377 ι

465 3717 559 3781 Valde
579 3718 699 3799 quidem
720 3717 827 3780 malum
847 3724 895 3780 est
914 3719 1017 3779 vitium
1038 3716 1193 3793 detractio,

403 3849 467 3912 Nec
487 3850 583 3911 minus
604 3856 651 3911 cst
670 3850 761 3912 noxia
780 3849 858 3912 lenis
879 3848 1019 3935 adulatio,

404 3984 454 4045 llla
476 3990 592 4045 mentes
613 3982 705 4045 allicit
724 3982 852 4063 quodam
873 3981 1029 4060 maleficio,

405 4117 486 4179 llaec
505 4117 601 4198 pascit
621 4115 770 4179 auriculas
792 4117 924 4178 suaviori
945 4116 1027 4178 vitio.
