3060 5220
575 661 753 714 canatur.
805 637 807 641 ’

288 875 319 939 Si
343 894 450 938 nomen
471 878 574 938 vicarii
596 893 718 956 prorsus
740 875 902 954 deleretur,

227 1007 257 1070 Si
278 1009 411 1091 regenda
433 1010 542 1070 nemini
563 1008 648 1089 plebs
670 1011 910 1086 committeretur,

150 1146 165 1171 ⁹
225 1141 289 1203 Nisi
311 1143 361 1221 qui
383 1142 522 1223 regimini
543 1138 628 1221 aptus
649 1140 812 1218 videretur,

227 1274 321 1336 Vinea
343 1292 413 1335 mox
436 1273 545 1335 domini
566 1273 664 1334 lructu
684 1272 859 1353 repleretur.

288 1584 410 1646 Talibus
432 1584 580 1646 ecclesiae
602 1584 689 1646 modo
712 1584 963 1660 commendantur,

225 1715 282 1789 Qui
303 1734 363 1778 non
384 1723 452 1777 sunt
472 1715 573 1778 idonei
594 1733 652 1777 nec
673 1735 741 1779 csse
763 1725 917 1794 conantur,

227 1849 302 1911 llino
324 1855 380 1926 est,
402 1847 483 1928 quod
495 1854 547 1910 tot
567 1847 706 1910 scandala
727 1849 836 1911 mundo
858 1855 1051 1931 generantur,

227 1980 302 2043 Hinc
323 1981 433 2042 habent
454 1982 578 2057 initium,
599 1980 668 2041 hinc
689 1979 925 2061 multiplicantur.

288 2295 361 2356 llinc
383 2302 413 2356 et
434 2294 603 2356 lamentatio
625 2313 691 2357 mea
713 2294 880 2357 declamare

226 2427 333 2490 Gestiit
353 2445 409 2490 neo
429 2427 525 2509 potuit
545 2444 609 2487 rem
631 2426 792 2505 elucidare,

223 2557 306 2619 Flevi
328 2561 404 2620 sicut
425 2558 576 2639 parvulus,
598 2577 686 2638 quem
707 2560 794 2622 dolor
814 2560 934 2642 plorare

225 2691 322 2773 Cogit,
345 2698 375 2752 et
395 2710 455 2755 non
476 2691 557 2754 valet
578 2693 656 2753 hunc
676 2693 779 2754 verbis
802 2692 963 2773 explicare.

285 3005 411 3086 Quoque
433 3006 521 3068 modo
543 3006 631 3067 malui
653 3006 755 3087 lingua
777 3004 934 3082 balbutire,

224 3138 328 3214 Quam,
349 3137 430 3218 quod
450 3140 637 3215 intumuerat,
658 3137 742 3199 ulcus
764 3139 894 3219 operire,

222 3269 319 3332 Mutus
340 3268 411 3331 facit
431 3269 506 3331 alios
528 3271 623 3352 signis
645 3269 716 3332 illud
737 3273 826 3347 scire,

221 3402 354 3484 Linguae
377 3402 455 3481 quod
476 3402 574 3465 officio
597 3406 698 3484 nequit
719 3405 846 3486 aperire.

283 3716 365 3798 Ergo
387 3715 578 3778 defluentium
600 3716 786 3779 lacrimarum
807 3720 879 3780 rivis

222 3847 259 3908 Et
279 3848 448 3931 plangendo
469 3848 605 3911 manibus
626 3851 746 3932 signum
766 3849 815 3926 (lo,
836 3851 916 3931 quod
935 3853 1033 3930 quivis

222 3979 355 4041 Clericus
377 3987 408 4041 et
428 3980 590 4043 monachus
611 3988 642 4042 et
662 3981 748 4044 miles
770 3989 800 4042 et
821 3984 895 4045 civis

221 4111 268 4173 Ad
288 4112 329 4189 id,
351 4113 429 4192 quod
450 4132 510 4175 non
532 4114 662 4193 expedit,
685 4121 731 4177 est
751 4117 837 4177 nimis
858 4114 1008 4196 proclivis.
