3060 5220
620 645 799 697 cannuba

266 827 268 832 .
333 859 387 921 Vir
409 859 557 921 discretae
578 860 685 920 montis
706 858 756 919 bio
776 860 854 920 iuste
876 876 939 919 rom
962 857 1100 934 librabat,

272 992 371 1055 Bonus
394 999 426 1052 ut
447 1007 629 1086 oeconomus
651 997 733 1052 recte
756 990 957 1072 dispensabat,

273 1123 380 1184 Mimos
402 1120 655 1261 oanQvestibus
677 1128 708 1183 et
728 1124 855 1185 nummis
877 1122 998 1199 ditabat,

273 1253 472 1326 Quadrantem
490 1240 663 1385 3¹„
564 1252 684 1329 obolum
706 1255 801 1316 tribus
823 1254 936 1317 claudis
958 1253 1054 1315 dabat.

333 1565 412 1642 Quo,
433 1583 557 1643 vesano,
578 1566 725 1648 navigas?
749 1567 843 1628 Nimis
865 1566 962 1628 tondis
985 1565 1093 1643 velum,

273 1699 333 1762 lam
355 1701 454 1782 tangis
477 1701 647 1780 episcopos,
668 1717 703 1761 os
724 1700 810 1780 ponis
831 1699 862 1760 in
884 1697 1010 1775 coelum,

274 1834 367 1895 Tuum
388 1835 419 1895 in
440 1840 471 1895 te
493 1832 619 1896 forsitan
639 1838 809 1893 revertetur
830 1829 931 1907 telum,

272 1966 349 2027 Delo
370 1966 437 2044 hoo,
458 1965 507 2027 vei
528 1966 626 2046 potius
648 1965 735 2046 signa
756 1980 811 2042 por
832 1961 965 2024 obelum!

335 2278 420 2340 Meus
441 2277 499 2340 boo
520 2275 646 2340 oonsilio
667 2276 823 2338 rithrnulus
845 2294 905 2339 non
926 2282 1007 2358 eget,

273 2410 310 2472 Et
330 2418 390 2471 tam
411 2411 638 2491 incompositum
659 2426 780 2471 cannen
800 2425 888 2470 nemo
910 2405 1003 2489 leget,

272 2544 332 2605 lter
353 2560 451 2604 meum
473 2541 609 2605 dominus
632 2547 664 2604 et
682 2541 764 2623 regit
785 2546 816 2601 et
835 2545 934 2622 reget,

273 2675 347 2737 Nam
368 2693 416 2737 me
437 2692 541 2736 verum
563 2646 667 2753 dioerd
684 2654 786 2735 bullus
809 2678 856 2733 est
877 2672 927 2751 qui
949 2677 1050 2754 neget.

328 2988 416 3049 -Vora
437 2995 539 3049 tamen
562 2989 659 3050 omnia
680 3005 740 3048 non
761 2992 829 3047 sunt
849 2983 1017 3045 referenda.

274 3122 317 3183 Ita
338 3128 393 3184 est.
435 3120 473 3182 Et
494 3122 591 3183 omnia
613 3137 672 3181 non
693 3123 760 3180 sunt
780 3113 942 3176 reticenda.

273 3253 340 3335 Ego
362 3252 433 3314 nulli
456 3252 591 3329 detraho,
613 3250 711 3312 defleo
734 3246 881 3322 deflenda,

274 3383 398 3446 lniirmis
420 3382 573 3445 infirmitas
595 3389 641 3444 est
662 3381 833 3463 aperienda.

337 3696 484 3759 infirmum
506 3697 532 3757 si
554 3694 657 3755 videas
679 3696 766 3757 morti
787 3695 997 3776 propinquare,

275 3829 386 3890 Videas
408 3827 571 3908 periculum
595 3831 625 3901 ot
645 3827 743 3906 possis
764 3827 880 3888 iuvare:

276 3959 307 4022 Si
329 3977 389 4022 non
410 3960 505 4036 iuvas,
527 3977 598 4021 reus
621 3975 665 4035 es,
687 3975 747 4020 non
767 3962 854 4038 potes
876 3974 1001 4039 negare,

275 4091 397 4173 Impium
419 4096 475 4168 est,
495 4090 639 4153 morbidis
662 4090 796 4153 morbum
817 4106 878 4151 non
899 4096 1073 4152 monstrare.
