3060 5220
336 668 356 718 Χ
760 667 988 719 PRAEFATIO.

336 869 516 958 elegantia,
549 878 580 937 at
606 871 757 958 gravitas
784 879 877 938 certe
903 877 936 960 et
961 871 1161 962 praestantia
1187 890 1246 939 sua
1273 871 1348 960 quin
1375 871 1416 939 sit

335 1015 564 1105 adiudicanda
591 1021 757 1086 neminem
784 1039 862 1089 esse
889 1016 1108 1087 dubitaturum
1134 1014 1277 1086 confido.

431 1165 604 1237 Floruisse
625 1164 842 1235 Gillebertum
860 1176 1010 1237 nostrum
1027 1165 1139 1234 medio
1161 1164 1234 1233 fere
1252 1174 1305 1233 aut
1324 1186 1414 1233 exe-

333 1322 410 1382 unte
432 1313 547 1383 seculo
566 1313 637 1383 Xll.
664 1323 697 1381 et
719 1312 847 1384 codicis
873 1315 993 1407 ipsius,
1020 1313 1108 1383 unde
1136 1313 1327 1406 desumptus
1350 1324 1413 1401 est

332 1469 438 1550 aetas
464 1470 497 1530 et
523 1463 703 1530 carminum
724 1484 764 1530 ao
786 1459 1042 1531 versificationis
1064 1460 1196 1532 indoles
1220 1467 1299 1531 satis
1322 1462 1412 1532 clare

251 1630 254 1635 ·
331 1611 491 1705 produnt3
519 1611 579 1681 sed
598 1611 729 1682 ubinam
751 1621 914 1680 terrarum
937 1620 970 1679 et
990 1610 1143 1681 locorum
1164 1611 1299 1699 vixerit,
1323 1612 1412 1679 iuxta

331 1781 406 1829 cum
439 1761 659 1850 ignarissimis
693 1762 828 1849 ignoro.
892 1759 1013 1829 Fuisse
1048 1767 1157 1827 autem
1190 1760 1298 1827 virum
1332 1760 1411 1827 satis

332 1907 506 1997 eruditum,
541 1911 629 2001 pium
663 1931 702 1978 ac
737 1928 821 1978 vere
850 1906 1062 1997 religiosum
1097 1914 1131 1974 et
1161 1908 1213 1973 oui
1245 1905 1410 1976 ecclesiae

330 2054 420 2126 salus
443 2064 476 2124 et
497 2057 586 2125 vitae
608 2058 782 2146 integritas
799 2078 995 2149 mormnque
1013 2056 1170 2127 sanctitas
1190 2052 1285 2122 cordi
1307 2064 1410 2143 esset⁷

329 2225 374 2272 ex
400 2211 542 2295 utroque
569 2207 715 2273 carmine
742 2203 840 2274 facile
866 2213 977 2297 potest
1005 2204 1154 2274 iudicari.
1214 2203 1291 2273 Non
1323 2208 1410 2274 enim

329 2358 489 2450 petulanti
515 2381 554 2428 ac
580 2358 715 2450 procaci
737 2354 852 2443 modo,
880 2376 965 2446 quae
987 2377 1067 2425 sana
1089 2366 1123 2425 et
1148 2359 1277 2445 integra
1304 2363 1408 2443 erant,

328 2514 362 2574 ut
387 2507 474 2575 risus
502 2513 664 2597 captaret,
696 2503 826 2573 facetiis
856 2505 1065 2597 perstrinxit
1098 2505 1158 2575 sed
1186 2525 1408 2575 severacum

328 2655 508 2742 gravitate,
542 2653 576 2722 id
602 2652 690 2744 quod
718 2650 845 2720 cordati
875 2649 1017 2721 hominis
1049 2660 1116 2740 est,
1150 2660 1184 2719 ut
1214 2652 1408 2722 emendaret

327 2813 485 2897 corrupta
524 2811 623 2895 atque
655 2803 689 2870 in
726 2803 896 2894 pristinam
935 2807 1157 2896 integritatem
1195 2800 1406 2890 reformaret,

325 2954 453 3042 varios,
480 2955 533 3045 qui
559 2961 626 3021 tum
647 2950 818 3042 vigebant,
846 2962 879 3021 et
900 2953 1111 3045 perniciosos
1135 2950 1270 3039 abusus,
1297 2953 1406 3021 simo-

325 3101 413 3166 niam
430 3097 589 3167 uidelicet
613 3108 646 3167 et
667 3099 792 3169 altioris
814 3100 959 3168 maxime
978 3097 1059 3167 cleri
1078 3096 1284 3188 deperditam
1302 3099 1406 3168 luxu-

324 3247 419 3333 riam,
445 3246 572 3314 notavit
598 3249 720 3316 acriter
745 3256 777 3315 et
802 3245 992 3337 flagellavit.

423 3392 565 3484 Magnus
592 3392 653 3462 luit
678 3393 791 3463 medio
817 3415 922 3482 aevo,
949 3393 1065 3464 seculo
1091 3396 1288 3487 praesertim
1315 3393 1405 3463 duo-

324 3540 471 3631 decimo,
507 3538 814 3611 Gillebertorum
840 3564 1013 3632 numerus,
1048 3561 1187 3634 quorum
1218 3539 1404 3630 catalogum

323 3691 367 3763 lo.
394 3691 479 3762 Am.
507 3691 688 3764 Fnonrcrus
714 3672 752 3760 in*
769 3687 1044 3760 Bibliothecae
1068 3689 1219 3758 mediae
1246 3696 1281 3756 et
1306 3685 1404 3756 inli-

323 3861 404 3908 mae
425 3839 632 3910 latinitatis
655 3838 740 3909 libro
758 3839 815 3909 Vl.
841 3838 988 3910 exhibet.
1023 3838 1140 3908 Plures
1164 3857 1292 3922 eorum,
1317 3857 1351 3904 v.
1372 3856 1401 3903 c.

323 3987 524 4059 Gilbertus
551 3989 772 4060 Dorcadius
801 3990 900 4079 (circ.
920 4008 995 4057 ann.
1018 3984 1145 4076 1160),
1167 4008 1263 4078 quem
1280 3987 1402 4057 Raleus

322 4146 355 4206 et
380 4136 511 4209 Pitseus
538 4139 632 4209 varia
658 4148 725 4207 tum
755 4159 859 4208 versu
885 4146 952 4206 tum
977 4157 1080 4230 prosa
1107 4137 1285 4229 scripsisse
1311 4134 1402 4203 indi-
