3060 5220
564 681 789 734 PRAEFATIO.
1187 685 1219 735 nt

138 894 212 954 cant
247 884 416 976 (Fabricii
449 884 470 954 l.
499 910 528 958 c.
556 909 588 978 p.
621 885 688 954 163
723 884 775 956 cd.
811 847 973 975 Hamb.)‚
1010 882 1217 956 Gilbertus

137 1031 256 1104 abbas
274 1056 419 1104 aureae
437 1034 556 1106 vallis
576 1036 675 1126 (circ.
696 1056 770 1106 ann.
793 1034 920 1125 1200),
944 1045 976 1105 et
995 1033 1217 1122 (tilbertus,

137 1177 369 1250 cisterciensis
404 1178 548 1248 familiae
582 1190 616 1249 et
649 1178 885 1252 cisterciensis
921 1180 1080 1251 coenobii
1113 1181 1217 1253 abbas

137 1329 303 1420 totiusque
330 1326 457 1397 ordinis
485 1325 672 1420 patriarcba
697 1327 883 1417 generatim,
916 1331 971 1419 qui
998 1326 1079 1398 obiit
1103 1329 1147 1401 A.
1174 1330 1215 1402 D.

138 1472 233 1545 1168
267 1473 439 1565 (barsan,
478 1471 646 1542 historia
679 1483 884 1566 poetarum
922 1485 960 1544 et
998 1488 1217 1570 poematum

135 1621 253 1691 medii
278 1623 384 1710 aevi,
402 1644 434 1715 p.
455 1620 560 1711 433),
579 1624 713 1714 poetica
732 1622 929 1694 claruerunt.
973 1623 1010 1693 ln
1035 1622 1086 1696 his
1109 1594 1225 1695 utriun'
1281 1644 1284 1649 ·

13 1782 18 1789 ’
137 1773 333 1858 carminum,
368 1791 453 1862 quae
486 1768 552 1838 hoc
578 1769 664 1839 libro
696 1774 923 1860 continentur,
959 1781 1076 1841 auctor
1107 1794 1215 1864 quae-

135 1919 258 1991 rendus
286 1922 326 1989 sit
347 1940 467 2009 necne,
495 1917 648 2010 equidem
673 1917 759 1987 baud
787 1916 1034 2008 affirmaverim,
1062 1922 1216 2012 quoniam

135 2071 330 2141 necessario
366 2067 407 2137 ad
442 2067 507 2137 boc
541 2075 700 2160 apparatu
733 2066 892 2137 litterario
928 2067 1107 2159 destituor,
1142 2073 1216 2141 sine

136 2241 201 2311 quo
220 2219 384 2309 ejusmodi
403 2219 616 2310 quaestiones
635 2225 880 2286 controversae
906 2216 1013 2287 dirimi
1034 2229 1213 2309 nequeunt.

232 2367 350 2460 Neque
367 2369 474 2438 minus
493 2365 608 2455 altera,
633 2386 718 2456 quae
741 2367 856 2453 oritur,
884 2364 926 2434 de
947 2375 1036 2434 terra
1057 2365 1214 2459 locoque,
1245 2406 1252 2435 t

136 2515 191 2587 ubi
218 2515 420 2588 Gillebertus
446 2524 541 2586 natus
574 2517 616 2586 sit
646 2525 744 2607 atque
773 2515 897 2583 vixerit
924 2522 958 2582 et
983 2516 1128 2584 carmina
1155 2536 1215 2586 sua

136 2666 376 2760 composuerit,
409 2666 576 2757 quaestio,
602 2662 727 2755 liquido
753 2672 866 2756 potest
892 2662 1073 2734 diiudicari.
1126 2661 1214 2733 Nihil

135 2816 280 2884 enimin
305 2814 387 2907 ipsis
414 2810 615 2882 carminibus
642 2811 740 2900 inest,
767 2810 854 2901 quod
874 2819 966 2879 certa
987 2819 1019 2879 et
1037 2811 1213 2904 explorata

132 2966 261 3034 ratione
287 2972 342 3032 aut
367 2963 409 3033 ad
433 2961 598 3051 Belgium,
625 2969 680 3028 aut
705 2959 747 3029 ad
771 2957 920 3050 Galliam,
948 2968 1003 3029 aut
1028 2960 1070 3029 ad
1086 2960 1212 3033 Britta-

131 3114 219 3182 niam
237 3111 492 3182 Germaniamve
510 3109 682 3204 speciatim
700 3110 742 3178 sit
761 3105 988 3197 referendum
1007 3130 1104 3201 quum
1122 3119 1213 3179 tem-

131 3217 268 3354 poribus
294 3259 358 3332 illis
380 3258 501 3352 ubique
524 3257 597 3329 iere
621 3259 655 3327 in
676 3256 726 3328 his
749 3259 846 3328 terris
868 3257 957 3326 idem
980 3255 1078 3328 suerit
1100 3280 1212 3328 rerum

132 3419 235 3482 status
261 3409 445 3503 cademque
471 3409 552 3480 cleri
577 3413 729 3501 maiorm,
755 3410 1103 3504 archiepiscoporum,
1134 3409 1211 3501 epi-

131 3579 326 3651 scoporum,
367 3558 677 3630 archidiaconorum
711 3569 744 3630 et
779 3557 933 3628 abbatrun
970 3578 1134 3652 perversa
1171 3577 1211 3625 ac

130 3717 287 3802 corrupta
304 3708 463 3780 conditio.
511 3709 564 3780 Ne
581 3730 626 3778 ex
644 3684 873 3799 garcionum
892 3707 1024 3799 quidem
1041 3703 1208 3775 vocabulo

130 3858 212 3925 certi
245 3855 420 3949 quidquam
459 3854 615 3945 efficitur,
657 3864 773 3949 utpote
812 3855 901 3948 quod
937 3854 1085 3948 plurimis
1123 3852 1209 3922 illius

128 4007 287 4097 temporis
321 4003 541 4098 scriptoribus
576 4003 738 4073 familiare
773 4002 844 4093 fuit,
878 4002 1032 4094 adeoque
1064 4005 1098 4071 in
1129 4023 1210 4071 car-

18 4194 21 4199 ·
127 4153 217 4222 mine
242 4155 436 4244 germanico
464 4153 506 4224 de
530 4151 727 4244 Nibelungis
755 4153 911 4222 occurrit.
