3060 5220
300 652 340 719 3ss
372 726 438 849 Q
735 653 961 707 circundari

461 869 567 931 Laicus
589 870 733 932 ecclesias
755 873 821 931 iure
841 877 1013 952 patronatus

399 1001 449 1065 Sic
470 1003 528 1076 dal,
549 1010 581 1064 ut
602 1004 654 1064 bas
676 1002 785 1064 habeat
805 1001 853 1063 vel
874 1020 980 1082 nepos,
1001 1002 1049 1063 vel
1071 1009 1167 1079 natus,

398 1133 434 1194 Et
455 1134 532 1197 bunc
553 1136 612 1196 iam
633 1134 806 1199 charactere
827 1135 927 1216 signat
948 1134 1116 1229 clericatus,

398 1263 426 1326 A
446 1267 569 1327 nutricis
591 1265 686 1328 ubere
707 1266 758 1347 qui
778 1268 830 1327 vix
852 1272 899 1326 est
920 1264 1062 1327 sublatus.

460 1580 531 1641 Tale
553 1580 624 1660 quid
645 1580 682 1642 de
704 1578 764 1641 lilio
785 1598 933 1660 nunquam
954 1582 1214 1662 praesumpsisset,

397 1711 428 1772 Si
450 1730 509 1773 non
530 1712 606 1774 haec
626 1730 643 1773 a
666 1711 784 1774 clericis
806 1711 901 1774 lonna
922 1715 1151 1793 praecessisset,

397 1842 435 1903 Et
455 1844 596 1905 committi
617 1842 741 1924 parvrdo
762 1837 881 1924 plebem
903 1861 962 1906 non
983 1843 1119 1922 vidisset,

397 1975 536 2058 Magnum
559 1984 589 2038 et
608 1976 753 2038 horribile
775 1982 939 2038 monstrum
960 1974 1148 2038 credidisset.

460 2288 520 2352 Sed
541 2291 623 2371 quod
641 2308 659 2353 a
679 2291 874 2371 prudentibus
896 2291 974 2352 solet
995 2293 1123 2371 actitari,

397 2419 469 2492 Quis
490 2439 550 2483 non
572 2421 756 2483 confidenter
776 2423 834 2484 hoc
854 2422 927 2485 velit
948 2422 1080 2485 imitari?

398 2551 454 2614 Ubi
476 2553 558 2615 videt
578 2555 708 2615 omnium
728 2556 804 2615 retia
827 2553 932 2631 laxari,

399 2683 442 2744 lbi
464 2702 583 2764 quoque
605 2686 700 2748 credit
720 2704 755 2747 se
775 2683 856 2746 licite
878 2673 996 2765 piscari.

461 2995 554 3068 Quam
575 2996 738 3078 prudenter
759 3000 834 3059 retia
857 2997 958 3060 laxant
978 3001 1008 3060 in
1030 3007 1191 3081 capturam,

399 3127 456 3201 Qui
477 3133 660 3192 committunt
680 3132 824 3212 proximis
844 3130 1026 3211 pastoralem
1049 3148 1161 3207 curam,

400 3257 437 3321 Ut
457 3278 513 3322 nec
534 3261 563 3322 hi
585 3260 753 3324 defectuum
775 3264 897 3325 timeant
917 3282 1098 3344 pressuram,

399 3391 462 3454 Nec
482 3395 539 3474 ipsi
560 3394 707 3456 redituum
728 3398 857 3457 sentiant
878 3398 1029 3458 iacturam.

362 3709 376 3727 “
461 3705 567 3769 Adhuc
587 3708 749 3787 sapientius
771 3707 847 3769 alter
867 3716 1068 3788 promovetur,

370 3826 373 3832 ’
400 3837 475 3900 Aliis
499 3839 652 3917 ecclesias,
673 3859 747 3920 quas
769 3840 841 3902 dare
862 3846 989 3918 tenetur,

401 3973 464 4035 Sibi
486 3972 575 4034 donat
596 3980 626 4035 et
646 3991 701 4054 per
721 3962 779 4036 boc
800 3973 889 4035 decet
908 3980 941 4035 ut
961 3972 1108 4050 laudetur,

401 4107 465 4169 lloc
485 4105 573 4183 lacto,
595 4123 642 4168 me
664 4107 772 4184 iudice,
793 4105 906 4168 laudari
928 4111 1069 4167 meretur.
