<?xml version="1.0" encoding="UTF-8"?>
<!DOCTYPE html PUBLIC "-//W3C//DTD XHTML 1.0 Transitional//EN"
    "http://www.w3.org/TR/xhtml1/DTD/xhtml1-transitional.dtd">
<html xmlns="http://www.w3.org/1999/xhtml" xml:lang="en" lang="en">
 <head>
  <title>
</title>
<meta http-equiv="Content-Type" content="text/html;charset=utf-8" />
  <meta name='ocr-system' content='tesseract 3.04.00' />
  <meta name='ocr-capabilities' content='ocr_page ocr_carea ocr_par ocr_line ocrx_word'/>
</head>
<body>
  <div class='ocr_page' id='page_1' title='image "./gilleberticarmi00gilbgoog_0016.png"; bbox 0 0 3060 5220; ppageno 0'>
   <div class='ocr_carea' id='block_1_1' title="bbox 558 676 1213 730">
    <p class='ocr_par' dir='ltr' id='par_1_1' title="bbox 558 676 1213 730">
     <span class='ocr_line' id='line_1_1' title="bbox 558 676 1213 730; baseline 0.003 -2"><span class='ocrx_word' id='word_1_1' title='bbox 558 676 784 730; x_wconf 82' lang='lat' dir='ltr'>PRAEFATlO.</span> <span class='ocrx_word' id='word_1_2' title='bbox 1178 679 1213 730; x_wconf 70' lang='lat' dir='ltr'>lx</span> 
     </span>
    </p>
   </div>
   <div class='ocr_carea' id='block_1_2' title="bbox 133 877 1212 1419">
    <p class='ocr_par' dir='ltr' id='par_1_2' title="bbox 133 877 1212 1419">
     <span class='ocr_line' id='line_1_2' title="bbox 133 877 1211 973; baseline -0.002 -23"><span class='ocrx_word' id='word_1_3' title='bbox 133 879 265 973; x_wconf 88' lang='lat' dir='ltr'>quidem</span> <span class='ocrx_word' id='word_1_4' title='bbox 294 882 453 969; x_wconf 78' lang='lat' dir='ltr'><strong>maxime,</strong></span> <span class='ocrx_word' id='word_1_5' title='bbox 484 901 568 972; x_wconf 88' lang='lat' dir='ltr'>quae</span> <span class='ocrx_word' id='word_1_6' title='bbox 598 877 640 948; x_wconf 91' lang='lat' dir='ltr'>ad</span> <span class='ocrx_word' id='word_1_7' title='bbox 670 878 832 971; x_wconf 84' lang='lat' dir='ltr'>poprdare</span> <span class='ocrx_word' id='word_1_8' title='bbox 862 899 970 968; x_wconf 89' lang='lat' dir='ltr'>genus</span> <span class='ocrx_word' id='word_1_9' title='bbox 997 881 1211 972; x_wconf 68' lang='lat' dir='ltr'>pertinerent,</span> 
     </span>
     <span class='ocr_line' id='line_1_3' title="bbox 135 1025 1212 1120; baseline 0 -22"><span class='ocrx_word' id='word_1_10' title='bbox 135 1028 287 1100; x_wconf 92' lang='lat' dir='ltr'>consulto</span> <span class='ocrx_word' id='word_1_11' title='bbox 313 1028 565 1119; x_wconf 77' lang='lat' dir='ltr'>negligerentur</span> <span class='ocrx_word' id='word_1_12' title='bbox 587 1049 696 1120; x_wconf 90' lang='lat' dir='ltr'>neque</span> <span class='ocrx_word' id='word_1_13' title='bbox 717 1029 751 1096; x_wconf 96' lang='lat' dir='ltr'>in</span> <span class='ocrx_word' id='word_1_14' title='bbox 772 1025 931 1098; x_wconf 92' lang='lat' dir='ltr'>librorum</span> <span class='ocrx_word' id='word_1_15' title='bbox 949 1027 1075 1098; x_wconf 89' lang='lat' dir='ltr'>indices</span> <span class='ocrx_word' id='word_1_16' title='bbox 1097 1027 1212 1098; x_wconf 81' lang='lat' dir='ltr'>refer-</span> 
     </span>
     <span class='ocr_line' id='line_1_4' title="bbox 133 1174 1211 1268; baseline -0.002 -22"><span class='ocrx_word' id='word_1_17' title='bbox 133 1186 247 1246; x_wconf 93' lang='lat' dir='ltr'>rentur</span> <span class='ocrx_word' id='word_1_18' title='bbox 272 1174 314 1246; x_wconf 92' lang='lat' dir='ltr'>ab</span> <span class='ocrx_word' id='word_1_19' title='bbox 339 1177 392 1265; x_wconf 79' lang='lat' dir='ltr'>iis,</span> <span class='ocrx_word' id='word_1_20' title='bbox 419 1198 559 1268; x_wconf 88' lang='lat' dir='ltr'>quorum</span> <span class='ocrx_word' id='word_1_21' title='bbox 585 1198 687 1247; x_wconf 87' lang='lat' dir='ltr'>curae</span> <span class='ocrx_word' id='word_1_22' title='bbox 712 1175 745 1246; x_wconf 94' lang='lat' dir='ltr'>id</span> <span class='ocrx_word' id='word_1_23' title='bbox 771 1178 897 1266; x_wconf 88' lang='lat' dir='ltr'>negotii</span> <span class='ocrx_word' id='word_1_24' title='bbox 920 1186 991 1246; x_wconf 94' lang='lat' dir='ltr'>erat</span> <span class='ocrx_word' id='word_1_25' title='bbox 1013 1176 1211 1264; x_wconf 79' lang='lat' dir='ltr'>mandatum,</span> 
     </span>
     <span class='ocr_line' id='line_1_5' title="bbox 134 1323 1212 1419; baseline 0 -25"><span class='ocrx_word' id='word_1_26' title='bbox 134 1346 232 1418; x_wconf 90' lang='lat' dir='ltr'>quum</span> <span class='ocrx_word' id='word_1_27' title='bbox 270 1333 326 1394; x_wconf 91' lang='lat' dir='ltr'>aut</span> <span class='ocrx_word' id='word_1_28' title='bbox 362 1325 422 1394; x_wconf 85' lang='lat' dir='ltr'>vix</span> <span class='ocrx_word' id='word_1_29' title='bbox 461 1346 501 1394; x_wconf 91' lang='lat' dir='ltr'>ea</span> <span class='ocrx_word' id='word_1_30' title='bbox 538 1334 723 1395; x_wconf 87' lang='lat' dir='ltr'>memoratu</span> <span class='ocrx_word' id='word_1_31' title='bbox 762 1323 862 1414; x_wconf 89' lang='lat' dir='ltr'>digna</span> <span class='ocrx_word' id='word_1_32' title='bbox 896 1326 1039 1419; x_wconf 84' lang='lat' dir='ltr'>(quippe</span> <span class='ocrx_word' id='word_1_33' title='bbox 1073 1347 1212 1418; x_wconf 94' lang='lat' dir='ltr'>quorum</span> 
     </span>
    </p>
   </div>
   <div class='ocr_carea' id='block_1_3' title="bbox 134 1472 1213 1567">
    <p class='ocr_par' dir='ltr' id='par_1_3' title="bbox 134 1472 1213 1567">
     <span class='ocr_line' id='line_1_6' title="bbox 134 1472 1213 1567; baseline 0.001 -24"><span class='ocrx_word' id='word_1_34' title='bbox 134 1474 254 1546; x_wconf 84' lang='lat' dir='ltr'>utilitas</span> <span class='ocrx_word' id='word_1_35' title='bbox 276 1482 369 1545; x_wconf 88' lang='lat' dir='ltr'>esset</span> <span class='ocrx_word' id='word_1_36' title='bbox 389 1472 500 1564; x_wconf 84' lang='lat' dir='ltr'>nulla)</span> <span class='ocrx_word' id='word_1_37' title='bbox 523 1472 696 1564; x_wconf 84' lang='lat' dir='ltr'>haherent,</span> <span class='ocrx_word' id='word_1_38' title='bbox 721 1475 908 1563; x_wconf 83' lang='lat' dir='ltr'>autetiam,</span> <span class='ocrx_word' id='word_1_39' title='bbox 933 1473 966 1544; x_wconf 93' lang='lat' dir='ltr'>id</span> <span class='ocrx_word' id='word_1_40' title='bbox 990 1473 1079 1566; x_wconf 93' lang='lat' dir='ltr'>quod</span> <span class='ocrx_word' id='word_1_41' title='bbox 1101 1496 1213 1567; x_wconf 86' lang='lat' dir='ltr'>expe-</span> 
     </span>
    </p>
   </div>
   <div class='ocr_carea' id='block_1_4' title="bbox 135 1592 1390 1732">
    <p class='ocr_par' dir='ltr' id='par_1_4' title="bbox 135 1592 1390 1732">
     <span class='ocr_line' id='line_1_7' title="bbox 135 1592 1390 1732; baseline -0.005 -41"><span class='ocrx_word' id='word_1_42' title='bbox 135 1623 255 1691; x_wconf 86' lang='lat' dir='ltr'>rientia</span> <span class='ocrx_word' id='word_1_43' title='bbox 279 1622 456 1732; x_wconf 80' lang='lat' dir='ltr'>aliquoties</span> <span class='ocrx_word' id='word_1_44' title='bbox 481 1624 556 1715; x_wconf 88' lang='lat' dir='ltr'>ipse</span> <span class='ocrx_word' id='word_1_45' title='bbox 582 1621 694 1713; x_wconf 79' lang='lat' dir='ltr'>didici,</span> <span class='ocrx_word' id='word_1_46' title='bbox 721 1625 874 1694; x_wconf 89' lang='lat' dir='ltr'>timerent</span> <span class='ocrx_word' id='word_1_47' title='bbox 898 1646 942 1694; x_wconf 94' lang='lat' dir='ltr'>ne</span> <span class='ocrx_word' id='word_1_48' title='bbox 968 1624 1044 1717; x_wconf 92' lang='lat' dir='ltr'>quid</span> <span class='ocrx_word' id='word_1_49' title='bbox 1069 1624 1159 1714; x_wconf 74' lang='lat' dir='ltr'>inde‚</span> <span class='ocrx_word' id='word_1_50' title='bbox 1186 1592 1223 1695; x_wconf 29' lang='lat' dir='ltr'>si·</span> <span class='ocrx_word' id='word_1_51' title='bbox 1278 1630 1299 1661; x_wconf 61' lang='lat'><em>0</em></span> <span class='ocrx_word' id='word_1_52' title='bbox 1386 1600 1390 1607; x_wconf 44' lang='lat'>¹</span> 
     </span>
    </p>
   </div>
   <div class='ocr_carea' id='block_1_5' title="bbox 120 1768 1248 4092">
    <p class='ocr_par' dir='ltr' id='par_1_5' title="bbox 120 1768 1214 2009">
     <span class='ocr_line' id='line_1_8' title="bbox 120 1768 1214 1874; baseline 0.003 -35"><span class='ocrx_word' id='word_1_53' title='bbox 120 1772 168 1874; x_wconf 85' lang='lat' dir='ltr'>in</span> <span class='ocrx_word' id='word_1_54' title='bbox 192 1770 302 1839; x_wconf 90' lang='lat' dir='ltr'>lucem</span> <span class='ocrx_word' id='word_1_55' title='bbox 326 1768 542 1863; x_wconf 75' lang='lat' dir='ltr'>prodiissent,</span> <span class='ocrx_word' id='word_1_56' title='bbox 569 1769 756 1841; x_wconf 88' lang='lat' dir='ltr'>detrimenti</span> <span class='ocrx_word' id='word_1_57' title='bbox 782 1771 823 1842; x_wconf 89' lang='lat' dir='ltr'>ad</span> <span class='ocrx_word' id='word_1_58' title='bbox 847 1772 1036 1863; x_wconf 72' lang='lat' dir='ltr'>ecclesiam,</span> <span class='ocrx_word' id='word_1_59' title='bbox 1061 1773 1104 1844; x_wconf 93' lang='lat' dir='ltr'>ad</span> <span class='ocrx_word' id='word_1_60' title='bbox 1129 1773 1214 1844; x_wconf 92' lang='lat' dir='ltr'>reli-</span> 
     </span>
     <span class='ocr_line' id='line_1_9' title="bbox 136 1915 966 2009; baseline 0.004 -22"><span class='ocrx_word' id='word_1_61' title='bbox 136 1918 271 2007; x_wconf 85' lang='lat' dir='ltr'>gionem</span> <span class='ocrx_word' id='word_1_62' title='bbox 296 1938 492 2009; x_wconf 91' lang='lat' dir='ltr'>morumque</span> <span class='ocrx_word' id='word_1_63' title='bbox 516 1915 726 1989; x_wconf 86' lang='lat' dir='ltr'>honestatem</span> <span class='ocrx_word' id='word_1_64' title='bbox 751 1917 966 1990; x_wconf 86' lang='lat' dir='ltr'>redundaret.</span> 
     </span>
    </p>

    <p class='ocr_par' dir='ltr' id='par_1_6' title="bbox 138 2063 1248 4092">
     <span class='ocr_line' id='line_1_10' title="bbox 234 2063 1218 2160; baseline 0.001 -26"><span class='ocrx_word' id='word_1_65' title='bbox 234 2064 281 2134; x_wconf 91' lang='lat' dir='ltr'>At</span> <span class='ocrx_word' id='word_1_66' title='bbox 305 2087 392 2135; x_wconf 88' lang='lat' dir='ltr'>vero</span> <span class='ocrx_word' id='word_1_67' title='bbox 423 2063 503 2133; x_wconf 91' lang='lat' dir='ltr'>mihi</span> <span class='ocrx_word' id='word_1_68' title='bbox 528 2064 650 2136; x_wconf 84' lang='lat' dir='ltr'>multos</span> <span class='ocrx_word' id='word_1_69' title='bbox 680 2067 745 2135; x_wconf 88' lang='lat' dir='ltr'>iarn</span> <span class='ocrx_word' id='word_1_70' title='bbox 773 2088 836 2160; x_wconf 88' lang='lat' dir='ltr'>per</span> <span class='ocrx_word' id='word_1_71' title='bbox 861 2087 968 2138; x_wconf 92' lang='lat' dir='ltr'>annos</span> <span class='ocrx_word' id='word_1_72' title='bbox 993 2066 1092 2136; x_wconf 89' lang='lat' dir='ltr'>latina</span> <span class='ocrx_word' id='word_1_73' title='bbox 1117 2066 1218 2137; x_wconf 93' lang='lat' dir='ltr'>medii</span> 
     </span>
     <span class='ocr_line' id='line_1_11' title="bbox 138 2215 1218 2308; baseline 0 -24"><span class='ocrx_word' id='word_1_74' title='bbox 138 2216 215 2285; x_wconf 86' lang='lat' dir='ltr'>aevi</span> <span class='ocrx_word' id='word_1_75' title='bbox 249 2215 473 2306; x_wconf 79' lang='lat' dir='ltr'>cuiuscunque</span> <span class='ocrx_word' id='word_1_76' title='bbox 504 2215 641 2305; x_wconf 87' lang='lat' dir='ltr'>generis</span> <span class='ocrx_word' id='word_1_77' title='bbox 672 2215 816 2284; x_wconf 92' lang='lat' dir='ltr'>carmina</span> <span class='ocrx_word' id='word_1_78' title='bbox 851 2216 1057 2308; x_wconf 81' lang='lat' dir='ltr'>conquirenti</span> <span class='ocrx_word' id='word_1_79' title='bbox 1090 2215 1218 2306; x_wconf 86' lang='lat' dir='ltr'>largam</span> 
     </span>
     <span class='ocr_line' id='line_1_12' title="bbox 138 2362 1248 2458; baseline 0 -26"><span class='ocrx_word' id='word_1_80' title='bbox 138 2385 254 2451; x_wconf 87' lang='lat' dir='ltr'>eorum</span> <span class='ocrx_word' id='word_1_81' title='bbox 275 2385 422 2435; x_wconf 85' lang='lat' dir='ltr'>rnessenr</span> <span class='ocrx_word' id='word_1_82' title='bbox 446 2363 608 2454; x_wconf 84' lang='lat' dir='ltr'>colligere</span> <span class='ocrx_word' id='word_1_83' title='bbox 632 2362 782 2452; x_wconf 77' lang='lat' dir='ltr'>contigit,</span> <span class='ocrx_word' id='word_1_84' title='bbox 805 2383 914 2454; x_wconf 67' lang='lat' dir='ltr'>quam,</span> <span class='ocrx_word' id='word_1_85' title='bbox 935 2365 999 2433; x_wconf 93' lang='lat' dir='ltr'>nisi</span> <span class='ocrx_word' id='word_1_86' title='bbox 1019 2372 1218 2458; x_wconf 69' lang='lat' dir='ltr'>temporum,</span> <span class='ocrx_word' id='word_1_87' title='bbox 1245 2388 1248 2393; x_wconf 94' lang='lat'>·</span> 
     </span>
     <span class='ocr_line' id='line_1_13' title="bbox 138 2510 1218 2607; baseline 0.001 -26"><span class='ocrx_word' id='word_1_88' title='bbox 138 2535 223 2605; x_wconf 94' lang='lat' dir='ltr'>quae</span> <span class='ocrx_word' id='word_1_89' title='bbox 250 2534 439 2602; x_wconf 80' lang='lat' dir='ltr'>cursamus,</span> <span class='ocrx_word' id='word_1_90' title='bbox 466 2514 618 2604; x_wconf 88' lang='lat' dir='ltr'>iniquitas</span> <span class='ocrx_word' id='word_1_91' title='bbox 645 2510 856 2604; x_wconf 72' lang='lat' dir='ltr'>prohiberet,</span> <span class='ocrx_word' id='word_1_92' title='bbox 883 2514 948 2582; x_wconf 92' lang='lat' dir='ltr'>iam</span> <span class='ocrx_word' id='word_1_93' title='bbox 972 2534 1059 2583; x_wconf 93' lang='lat' dir='ltr'>nunc</span> <span class='ocrx_word' id='word_1_94' title='bbox 1084 2511 1218 2607; x_wconf 88' lang='lat' dir='ltr'>publico</span> 
     </span>
     <span class='ocr_line' id='line_1_14' title="bbox 139 2659 1219 2753; baseline 0 -23"><span class='ocrx_word' id='word_1_95' title='bbox 139 2662 283 2730; x_wconf 93' lang='lat' dir='ltr'>omnium</span> <span class='ocrx_word' id='word_1_96' title='bbox 318 2660 393 2729; x_wconf 91' lang='lat' dir='ltr'>usui</span> <span class='ocrx_word' id='word_1_97' title='bbox 426 2659 661 2753; x_wconf 88' lang='lat' dir='ltr'>manciparem.</span> <span class='ocrx_word' id='word_1_98' title='bbox 718 2659 770 2731; x_wconf 92' lang='lat' dir='ltr'>Ne</span> <span class='ocrx_word' id='word_1_99' title='bbox 804 2670 913 2731; x_wconf 89' lang='lat' dir='ltr'>autem</span> <span class='ocrx_word' id='word_1_100' title='bbox 947 2661 1121 2733; x_wconf 87' lang='lat' dir='ltr'>consilium</span> <span class='ocrx_word' id='word_1_101' title='bbox 1154 2660 1219 2732; x_wconf 91' lang='lat' dir='ltr'>hoc</span> 
     </span>
     <span class='ocr_line' id='line_1_15' title="bbox 138 2807 1219 2900; baseline -0.001 -21"><span class='ocrx_word' id='word_1_102' title='bbox 138 2831 265 2899; x_wconf 83' lang='lat' dir='ltr'>meum,</span> <span class='ocrx_word' id='word_1_103' title='bbox 293 2807 382 2900; x_wconf 93' lang='lat' dir='ltr'>quod</span> <span class='ocrx_word' id='word_1_104' title='bbox 408 2807 617 2879; x_wconf 80' lang='lat' dir='ltr'>hortantibus</span> <span class='ocrx_word' id='word_1_105' title='bbox 645 2818 679 2878; x_wconf 88' lang='lat' dir='ltr'>et</span> <span class='ocrx_word' id='word_1_106' title='bbox 704 2807 936 2881; x_wconf 88' lang='lat' dir='ltr'>adiuvantibus</span> <span class='ocrx_word' id='word_1_107' title='bbox 962 2812 1078 2881; x_wconf 89' lang='lat' dir='ltr'>amicis</span> <span class='ocrx_word' id='word_1_108' title='bbox 1104 2811 1161 2879; x_wconf 92' lang='lat' dir='ltr'>inii</span> <span class='ocrx_word' id='word_1_109' title='bbox 1187 2819 1219 2878; x_wconf 90' lang='lat' dir='ltr'>et</span> 
     </span>
     <span class='ocr_line' id='line_1_16' title="bbox 140 2955 1219 3051; baseline 0 -23"><span class='ocrx_word' id='word_1_110' title='bbox 140 2966 274 3028; x_wconf 87' lang='lat' dir='ltr'>strenue</span> <span class='ocrx_word' id='word_1_111' title='bbox 293 2978 365 3027; x_wconf 92' lang='lat' dir='ltr'>sum</span> <span class='ocrx_word' id='word_1_112' title='bbox 383 2968 593 3050; x_wconf 68' lang='lat' dir='ltr'>persecutus,</span> <span class='ocrx_word' id='word_1_113' title='bbox 614 2958 712 3051; x_wconf 89' lang='lat' dir='ltr'>plane</span> <span class='ocrx_word' id='word_1_114' title='bbox 730 2955 896 3027; x_wconf 89' lang='lat' dir='ltr'>abiecisse</span> <span class='ocrx_word' id='word_1_115' title='bbox 913 2957 1062 3046; x_wconf 75' lang='lat' dir='ltr'>viderer,</span> <span class='ocrx_word' id='word_1_116' title='bbox 1080 2960 1219 3046; x_wconf 72' lang='lat' dir='ltr'>interea,</span> 
     </span>
     <span class='ocr_line' id='line_1_17' title="bbox 141 3105 1220 3200; baseline 0 -25"><span class='ocrx_word' id='word_1_117' title='bbox 141 3115 174 3175; x_wconf 87' lang='lat' dir='ltr'>et</span> <span class='ocrx_word' id='word_1_118' title='bbox 204 3106 282 3177; x_wconf 91' lang='lat' dir='ltr'>dum</span> <span class='ocrx_word' id='word_1_119' title='bbox 311 3106 430 3176; x_wconf 89' lang='lat' dir='ltr'>laetior</span> <span class='ocrx_word' id='word_1_120' title='bbox 459 3128 572 3175; x_wconf 91' lang='lat' dir='ltr'>rerum</span> <span class='ocrx_word' id='word_1_121' title='bbox 602 3116 635 3176; x_wconf 95' lang='lat' dir='ltr'>et</span> <span class='ocrx_word' id='word_1_122' title='bbox 668 3106 710 3176; x_wconf 90' lang='lat' dir='ltr'>ad</span> <span class='ocrx_word' id='word_1_123' title='bbox 741 3105 824 3176; x_wconf 91' lang='lat' dir='ltr'>haec</span> <span class='ocrx_word' id='word_1_124' title='bbox 858 3105 966 3177; x_wconf 91' lang='lat' dir='ltr'>studia</span> <span class='ocrx_word' id='word_1_125' title='bbox 1000 3108 1220 3200; x_wconf 89' lang='lat' dir='ltr'>opportunior</span> 
     </span>
     <span class='ocr_line' id='line_1_18' title="bbox 140 3253 1221 3347; baseline 0 -23"><span class='ocrx_word' id='word_1_126' title='bbox 140 3254 278 3324; x_wconf 89' lang='lat' dir='ltr'>redierit</span> <span class='ocrx_word' id='word_1_127' title='bbox 304 3263 424 3343; x_wconf 74' lang='lat' dir='ltr'>slatus⁷</span> <span class='ocrx_word' id='word_1_128' title='bbox 451 3256 622 3347; x_wconf 84' lang='lat' dir='ltr'>specimen</span> <span class='ocrx_word' id='word_1_129' title='bbox 647 3253 781 3347; x_wconf 86' lang='lat' dir='ltr'>aliquod</span> <span class='ocrx_word' id='word_1_130' title='bbox 807 3253 1014 3326; x_wconf 86' lang='lat' dir='ltr'>collectionis</span> <span class='ocrx_word' id='word_1_131' title='bbox 1041 3278 1060 3324; x_wconf 91' lang='lat' dir='ltr'>a</span> <span class='ocrx_word' id='word_1_132' title='bbox 1085 3277 1139 3325; x_wconf 92' lang='lat' dir='ltr'>me</span> <span class='ocrx_word' id='word_1_133' title='bbox 1164 3258 1221 3324; x_wconf 92' lang='lat' dir='ltr'>in-</span> 
     </span>
     <span class='ocr_line' id='line_1_19' title="bbox 142 3402 1221 3496; baseline -0.003 -21"><span class='ocrx_word' id='word_1_134' title='bbox 142 3405 272 3475; x_wconf 89' lang='lat' dir='ltr'>stitutae</span> <span class='ocrx_word' id='word_1_135' title='bbox 299 3402 405 3473; x_wconf 91' lang='lat' dir='ltr'>edere</span> <span class='ocrx_word' id='word_1_136' title='bbox 432 3405 603 3492; x_wconf 62' lang='lat' dir='ltr'>constitui,</span> <span class='ocrx_word' id='word_1_137' title='bbox 638 3424 703 3495; x_wconf 94' lang='lat' dir='ltr'>quo</span> <span class='ocrx_word' id='word_1_138' title='bbox 735 3411 768 3472; x_wconf 87' lang='lat' dir='ltr'>et</span> <span class='ocrx_word' id='word_1_139' title='bbox 797 3402 933 3496; x_wconf 90' lang='lat' dir='ltr'>reliquis</span> <span class='ocrx_word' id='word_1_140' title='bbox 965 3403 1106 3474; x_wconf 90' lang='lat' dir='ltr'>edendis</span> <span class='ocrx_word' id='word_1_141' title='bbox 1133 3406 1221 3474; x_wconf 84' lang='lat' dir='ltr'>viam</span> 
     </span>
     <span class='ocr_line' id='line_1_20' title="bbox 141 3551 1222 3646; baseline 0.001 -24"><span class='ocrx_word' id='word_1_142' title='bbox 141 3574 294 3646; x_wconf 89' lang='lat' dir='ltr'>pararem</span> <span class='ocrx_word' id='word_1_143' title='bbox 328 3574 368 3622; x_wconf 91' lang='lat' dir='ltr'>ac</span> <span class='ocrx_word' id='word_1_144' title='bbox 403 3553 576 3621; x_wconf 88' lang='lat' dir='ltr'>munirem.</span> <span class='ocrx_word' id='word_1_145' title='bbox 645 3551 829 3645; x_wconf 87' lang='lat' dir='ltr'>Aptissima</span> <span class='ocrx_word' id='word_1_146' title='bbox 862 3552 905 3623; x_wconf 92' lang='lat' dir='ltr'>ad</span> <span class='ocrx_word' id='word_1_147' title='bbox 937 3553 1004 3622; x_wconf 93' lang='lat' dir='ltr'>hoc</span> <span class='ocrx_word' id='word_1_148' title='bbox 1036 3553 1114 3623; x_wconf 87' lang='lat' dir='ltr'>milri</span> <span class='ocrx_word' id='word_1_149' title='bbox 1147 3556 1222 3625; x_wconf 91' lang='lat' dir='ltr'>visa</span> 
     </span>
     <span class='ocr_line' id='line_1_21' title="bbox 143 3698 1221 3791; baseline -0.001 -19"><span class='ocrx_word' id='word_1_150' title='bbox 143 3708 218 3772; x_wconf 89' lang='lat' dir='ltr'>sunt</span> <span class='ocrx_word' id='word_1_151' title='bbox 246 3702 373 3771; x_wconf 87' lang='lat' dir='ltr'>maiora</span> <span class='ocrx_word' id='word_1_152' title='bbox 405 3700 471 3770; x_wconf 95' lang='lat' dir='ltr'>duo</span> <span class='ocrx_word' id='word_1_153' title='bbox 499 3698 711 3771; x_wconf 90' lang='lat' dir='ltr'>Gilleberti</span> <span class='ocrx_word' id='word_1_154' title='bbox 741 3705 903 3791; x_wconf 71' lang='lat' dir='ltr'>carmina,</span> <span class='ocrx_word' id='word_1_155' title='bbox 937 3724 956 3771; x_wconf 88' lang='lat' dir='ltr'>e</span> <span class='ocrx_word' id='word_1_156' title='bbox 987 3701 1221 3790; x_wconf 70' lang='lat' dir='ltr'>bibliothecae,</span> 
     </span>
     <span class='ocr_line' id='line_1_22' title="bbox 144 3830 1221 3941; baseline 0.002 -24"><span class='ocrx_word' id='word_1_157' title='bbox 144 3830 228 3940; x_wconf 86' lang='lat' dir='ltr'>quae</span> <span class='ocrx_word' id='word_1_158' title='bbox 253 3847 420 3919; x_wconf 82' lang='lat' dir='ltr'>Bruxellis</span> <span class='ocrx_word' id='word_1_159' title='bbox 451 3858 521 3936; x_wconf 63' lang='lat' dir='ltr'>est,</span> <span class='ocrx_word' id='word_1_160' title='bbox 553 3852 669 3939; x_wconf 91' lang='lat' dir='ltr'>regiae</span> <span class='ocrx_word' id='word_1_161' title='bbox 694 3848 929 3940; x_wconf 81' lang='lat' dir='ltr'>Burgundicae</span> <span class='ocrx_word' id='word_1_162' title='bbox 956 3850 1093 3941; x_wconf 68' lang='lat' dir='ltr'>codice,</span> <span class='ocrx_word' id='word_1_163' title='bbox 1129 3853 1221 3920; x_wconf 90' lang='lat' dir='ltr'>cuius</span> 
     </span>
     <span class='ocr_line' id='line_1_23' title="bbox 143 3995 1222 4092; baseline 0.001 -27"><span class='ocrx_word' id='word_1_164' title='bbox 143 3995 336 4068; x_wconf 87' lang='lat' dir='ltr'>uberiorem</span> <span class='ocrx_word' id='word_1_165' title='bbox 370 3999 629 4092; x_wconf 88' lang='lat' dir='ltr'>descriptionem</span> <span class='ocrx_word' id='word_1_166' title='bbox 664 4019 724 4068; x_wconf 93' lang='lat' dir='ltr'>suo</span> <span class='ocrx_word' id='word_1_167' title='bbox 755 4020 835 4068; x_wconf 84' lang='lat' dir='ltr'>mox</span> <span class='ocrx_word' id='word_1_168' title='bbox 865 3999 944 4069; x_wconf 94' lang='lat' dir='ltr'>loco</span> <span class='ocrx_word' id='word_1_169' title='bbox 976 3997 1110 4070; x_wconf 88' lang='lat' dir='ltr'>daturus</span> <span class='ocrx_word' id='word_1_170' title='bbox 1137 4020 1222 4087; x_wconf 67' lang='lat' dir='ltr'>sum,</span> 
     </span>
    </p>
   </div>
   <div class='ocr_carea' id='block_1_6' title="bbox 146 4144 1222 4240">
    <p class='ocr_par' dir='ltr' id='par_1_7' title="bbox 146 4127 1222 4240">
     <span class='ocr_line' id='line_1_24' title="bbox 146 4144 1222 4240; baseline 0.001 -26"><span class='ocrx_word' id='word_1_171' title='bbox 146 4144 354 4240; x_wconf 75' lang='lat' dir='ltr'>deprompta,</span> <span class='ocrx_word' id='word_1_172' title='bbox 377 4145 493 4239; x_wconf 91' lang='lat' dir='ltr'>quibus</span> <span class='ocrx_word' id='word_1_173' title='bbox 516 4149 545 4218; x_wconf 90' lang='lat' dir='ltr'>si</span> <span class='ocrx_word' id='word_1_174' title='bbox 565 4166 633 4216; x_wconf 91' lang='lat' dir='ltr'>nou</span> <span class='ocrx_word' id='word_1_175' title='bbox 656 4157 751 4236; x_wconf 87' lang='lat' dir='ltr'>grata</span> <span class='ocrx_word' id='word_1_176' title='bbox 773 4146 935 4239; x_wconf 90' lang='lat' dir='ltr'>quaedam</span> <span class='ocrx_word' id='word_1_177' title='bbox 953 4149 1100 4218; x_wconf 91' lang='lat' dir='ltr'>suavitas</span> <span class='ocrx_word' id='word_1_178' title='bbox 1124 4155 1222 4240; x_wconf 93' lang='lat' dir='ltr'>atque</span> 
     </span>
    </p>
   </div>
   <div class='ocr_carea' id='block_1_7' title="bbox 0 0 1550 5220">
    <p class='ocr_par' dir='ltr' id='par_1_8' title="bbox 0 0 1550 5220">
     <span class='ocr_line' id='line_1_25' title="bbox 0 0 1550 5220; baseline 0 0"><span class='ocrx_word' id='word_1_179' title='bbox 0 0 1550 5220; x_wconf 95' lang='lat' dir='ltr'> </span> 
     </span>
    </p>
   </div>
  </div>
 </body>
</html>
