3060 5220
630 640 808 693 cnnnlnn.

340 857 424 920 Nunc
445 863 573 920 aetatem
594 864 727 920 teneram
749 857 859 920 doceas
880 859 1006 935 servire,

278 990 378 1051 Tener
398 1007 493 1068 equus
515 987 603 1050 facile
624 988 713 1052 discit
733 988 868 1066 obedire,

279 1121 347 1198 Fac,
369 1120 437 1182 durn
458 1120 547 1183 rnolle
568 1120 660 1183 lutum
682 1127 738 1198 est,
759 1127 854 1182 rotam
876 1122 1015 1199 circuire,

280 1250 318 1312 Ut
338 1253 368 1312 in
389 1269 460 1314 usus
483 1269 634 1333 congruos
655 1252 751 1332 possit
770 1269 823 1314 vas
848 1253 942 1312 exire.

341 1566 419 1629 Nihil
441 1565 665 1628 consuetudinis
686 1584 740 1647 per
761 1572 792 1627 te
811 1566 862 1628 liat
882 1584 1002 1647 pravae,

279 1697 327 1759 Ad
346 1698 405 1760 hoc
425 1699 531 1780 pigrae
552 1697 606 1759 tibi
627 1699 687 1760 sint
707 1715 811 1759 manus
832 1703 863 1759 et
883 1697 1021 1780 ignavae,

280 1821 356 1898 Quia
377 1825 520 1907 quidquid
540 1826 673 1890 creditur
692 1844 831 1908 asperum
853 1834 884 1889 et
903 1845 1009 1910 grave,

282 1956 471 2020 Consuetudo
493 1956 565 2019 lacit
585 1957 643 2020 lroc
664 1957 803 2039 placitum
826 1965 857 2020 et
878 1977 980 2021 suave.

341 2272 424 2356 Ergo
445 2274 555 2336 bonurn
577 2291 671 2356 agere
692 2274 804 2356 iugiter
824 2291 994 2352 assuescas,

283 2404 328 2466 De
349 2406 459 2466 virtute
479 2403 579 2466 taliter
597 2406 628 2466 in
649 2406 789 2467 vidutern
810 2424 945 2485 crescas,

284 2534 321 2596 Ut
340 2553 490 2616 nunquam
511 2537 542 2598 in
562 2553 655 2618 opere
676 2536 788 2600 domini
808 2544 958 2620 tepescas,

283 2665 369 2738 Quod
390 2665 477 2730 labor
497 2674 544 2731 est
564 2668 641 2746 aliis,
662 2670 692 2730 in
713 2670 770 2731 hoc
791 2676 823 2731 tu
845 2671 993 2750 quiescas.

345 2978 381 3041 Et
401 2996 509 3041 revera
531 2981 617 3060 quies
639 2988 686 3043 est
706 2982 826 3044 domino
847 2983 974 3059 servire,

283 3108 385 3173 Dulcis
406 3109 492 3173 labor
513 3112 578 3174 eius
600 3118 646 3174 est
666 3113 757 3175 iussis
778 3112 915 3190 obedire,

284 3241 366 3304 Haec
387 3242 514 3305 dulcedo
534 3245 679 3325 praecipit
699 3243 839 3307 mundum
859 3242 1004 3322 fastidire,

283 3373 350 3436 Non
370 3374 471 3451 ambit,
492 3392 551 3437 non
573 3375 696 3453 invidet,
717 3376 814 3438 nescit
833 3375 1000 3456 superbire.

347 3685 379 3747 ln
400 3687 569 3768 praeceptis
591 3685 702 3749 domini
723 3685 850 3749 dulciter
870 3686 984 3765 labora,

286 3818 350 3882 Cito
370 3819 425 3881 tibi
445 3818 518 3880 lient
536 3818 613 3880 haec
632 3818 721 3880 melle
742 3817 886 3898 dulciora,

285 3950 322 4012 Et
343 3958 375 4013 ut
396 3968 545 4033 nunquam
566 3949 659 4014 facias
680 3952 739 4014 nisi
759 3949 894 4029 meliora,

285 4083 317 4146 ln
337 4090 369 4145 te
390 4089 495 4146 cuncta
516 4082 616 4165 populi
637 4099 726 4147 versa
748 4083 937 4146 credasoora.
