3060 5220
737 665 962 718 clttussuart

466 878 576 940 Maium
596 879 739 940 avaritiae
760 895 820 940 non
841 895 894 940 eos
915 878 1020 953 irritat,

404 1007 465 1071 Sed
486 1007 639 1090 profectus
661 1009 760 1070 ovium
782 1016 812 1070 et
833 1009 914 1071 salus
935 1011 1049 1086 invitat,

404 1140 501 1216 Quem
522 1141 596 1203 deus
619 1144 781 1204 constantia
804 1140 928 1223 spiritali
951 1140 1033 1232 ditat,

403 1272 462 1337 Pro
483 1272 579 1336 salute
600 1271 701 1354 populi
722 1270 801 1333 nulla
823 1272 899 1334 mala
920 1273 1002 1334 vitat.

467 1583 616 1664 Quidquid
636 1584 719 1648 dicas
742 1586 841 1661 etiem,
862 1591 985 1665 propter
1004 1583 1063 1646 hoc
1084 1582 1241 1645 multorum

405 1715 528 1778 Praetici
550 1715 721 1777 desiderant
742 1733 832 1777 curae
853 1714 1040 1796 populorum,
1088 1727 1091 1730 ’

407 1847 453 1925 Ut,
475 1849 500 1911 si
522 1847 594 1929 quid
614 1848 743 1910 defuerit
764 1847 918 1909 doctrinae
938 1847 1133 1925 verborum,¹
1229 1886 1232 1890 ι

408 1979 517 2044 Saltem
539 2000 598 2044 non
620 1981 781 2063 depereant
797 1979 916 2042 ‘fructus
937 1979 1123 2042 horreorum.

469 2296 583 2357 Bonum
606 2300 653 2357 est
673 2293 800 2357 sollicite
821 2293 940 2374 plebem
962 2293 1091 2371 erudire,

406 2428 444 2490 Et
465 2447 531 2490 cum
552 2427 641 2510 plebe
663 2428 773 2489 bonum
795 2433 842 2487 est
862 2427 965 2512 fruges
988 2428 1148 2504 custodire,

407 2560 531 2643 Propter
553 2560 633 2622 solas
655 2561 767 2621 animas
788 2559 911 2621 Romam
932 2563 1038 2637 quater
1058 2558 1104 2619 ire
1154 2576 1158 2586 ·

407 2692 466 2765 Qui
488 2692 657 2768 contendat,
677 2690 765 2753 facite
787 2708 846 2753 non
868 2697 915 2751 est
935 2690 1079 2751 invenire.

470 3007 557 3070 Tales
579 3009 660 3070 viros
683 3008 808 3069 aestimo
829 3005 928 3067 multis
948 3005 1116 3086 probiores,

407 3140 470 3203 Pati
494 3143 544 3222 qui
565 3159 625 3203 non
645 3147 774 3202 renuunt
795 3153 919 3220 asperos
941 3135 1072 3212 labores,

408 3271 485 3333 Pura
506 3272 687 3334 conscientia
709 3272 875 3351 quaeritant
891 3271 1037 3347 honores,

410 3403 467 3476 Qui
489 3421 558 3466 sese
579 3421 652 3486 prae
673 3403 811 3466 omnibus
832 3410 940 3466 norunt
962 3403 1123 3466 doctiores.

470 3715 585 3796 Artem,
606 3736 695 3798 quam
716 3735 776 3779 non
797 3717 910 3793 didicit,
931 3733 1019 3778 nemo
1040 3716 1205 3797 profitetur,

409 3848 575 3912 Medicinae
597 3850 717 3911 nescius
738 3850 849 3910 nemini
870 3848 1015 3924 medetur,

409 3981 582 4043 Animarum
603 3981 726 4044 cuilibet
746 3983 885 4064 regimen
906 3981 1042 4058 donetur,

411 4112 514 4176 Statim
536 4115 627 4191 novit,
649 4114 745 4176 anima
767 4131 826 4195 quo
848 4113 952 4176 morbo
973 4118 1126 4194 gravetur.
