3060 5220
593 640 773 693 CARMINA.

305 853 378 926 Quis
401 854 479 915 enim
499 854 674 934 prudentius
695 857 805 938 poterit
825 873 949 918 servare

245 985 347 1064 Unam,
368 1005 455 1066 quum
477 987 528 1067 qui
550 993 677 1067 quotuor
697 989 779 1050 novit
798 1005 971 1068 procurare,

147 1106 150 1111 ’
243 1119 358 1182 Nonum
378 1120 447 1181 huic
468 1119 626 1182 ecclesium
648 1119 741 1182 debes
763 1119 981 1197 commendare,

244 1248 300 1322 Qui
319 1249 483 1330 prudenter
503 1252 632 1312 sciverat
653 1257 722 1313 octo
744 1231 924 1334 gubernare.

304 1562 424 1641 Omnes,
445 1565 550 1644 inquit,
570 1563 698 1644 perdere
720 1564 837 1626 mallem
858 1583 942 1627 meos
962 1566 1086 1642 reditus,

243 1693 336 1767 Quum
357 1693 409 1756 ille
429 1694 613 1776 praevaleam
635 1695 704 1757 mihi
727 1695 835 1757 donum
855 1696 990 1775 primitus

243 1825 381 1905 Contulit,
403 1829 453 1907 qui
476 1827 578 1888 debuit
599 1833 629 1888 et
651 1827 731 1889 dedit
752 1828 922 1907 antiquitus,

240 1957 306 2020 Non
328 1961 374 2022 sic
394 1961 440 2022 vis
463 1961 607 2022 emarcuit
627 1961 797 2040 corruitque
819 1961 945 2042 penitus,

302 2271 354 2336 Sic
374 2273 486 2335 mavult
507 2291 687 2337 consumere
707 2292 758 2336 res
781 2273 976 2337 ecclesiarum

242 2404 389 2484 Omnium,
410 2424 484 2486 quos
506 2406 650 2488 possidet,
672 2423 758 2487 quum
780 2405 885 2487 perdat
905 2406 964 2468 hoc
984 2424 1098 2486 parum,

241 2535 346 2598 Parum
368 2536 434 2599 dico
457 2538 626 2618 quindecim
647 2536 696 2599 vel
718 2537 821 2599 decem
843 2556 1017 2616 marearum,

239 2665 373 2739 Quodvis
395 2688 534 2752 magnum
556 2670 704 2733 modicum
726 2677 771 2733 est
793 2670 872 2753 apud
892 2689 1022 2733 avarum.

299 2983 402 3044 Virum
424 2983 560 3065 probum,
581 2984 719 3047 stabilem
740 2985 830 3067 pudet
852 2946 1015 3067 superari·

236 3113 348 3176 Mavult
369 3114 482 3176 damnis
504 3113 638 3195 plurimis
661 3116 800 3198 populum
823 3119 953 3199 gravari,

236 3247 327 3309 Multa
350 3266 405 3329 per
429 3248 607 3310 discordiam
628 3247 705 3311 molo
726 3252 878 3332 generari,

236 3376 330 3450 Quam
353 3381 432 3442 sinet
452 3381 630 3441 seutentiam
650 3381 707 3442 nisi
727 3398 783 3461 pro
805 3364 841 3443 se
861 3381 934 3444 dori.

297 3692 377 3754 Dicit
398 3692 456 3754 hoc
477 3691 643 3770 honestius
665 3693 736 3756 dicit
757 3695 815 3757 hoc
835 3696 954 3775 decere,

237 3823 353 3885 Divinis
376 3823 483 3886 officiis
505 3823 644 3905 populum
666 3843 781 3904 carere,

235 3952 328 4016 Extra
348 3957 534 4037 cymiterium
555 3964 688 4020 mortuos
709 3958 821 4036 iacere,

234 4085 326 4149 Multa
348 4087 424 4149 mala
445 4088 521 4168 fieri,
542 4108 630 4170 quom
650 4107 709 4152 non
730 4090 915 4171 praevalere.
