3060 5220
583 650 761 703 canutum.

292 868 415 943 Pueros,
436 867 486 946 qui
507 857 687 945 praesident,
709 862 811 924 iubent
832 860 1013 942 praesidere,

230 999 291 1062 Sed
311 1000 417 1062 horum
438 997 592 1079 prudentia
614 1013 691 1076 quae
712 995 761 1070 sit,
781 994 911 1068 intuere;

229 1132 353 1213 Propter
374 1131 431 1193 hoc
451 1129 593 1211 puerulos
615 1128 735 1191 student
754 1143 941 1208 promovere,

230 1264 266 1324 Ut
286 1265 402 1345 possint
423 1262 531 1323 diutius
553 1261 666 1322 reditus
686 1259 809 1320 habere.

288 1576 425 1638 Infelices
447 1577 549 1656 pueris
571 1575 688 1655 sibique
710 1580 842 1635 catenam

226 1708 363 1785 Nectunt,
383 1707 462 1768 undo
482 1707 595 1787 pariter
615 1706 767 1767 trahantur
788 1705 825 1767 ad
845 1723 981 1786 poenam,

226 1839 315 1901 Suam
337 1838 391 1901 hos
413 1837 575 1900 Leviathan
595 1838 684 1899 trahit
705 1839 735 1898 in
756 1855 908 1920 sagenam,
1001 1807 1005 1814 Ι

226 1969 404 2031 Redditurus
425 1968 471 2031 his
494 1969 590 2030 ethis
614 1969 650 2030 ad
672 1987 839 2030 mensnram
859 1967 984 2050 plenam.

286 2284 418 2345 Prudens
439 2285 486 2344 vir
506 2282 633 2344 sollicite
654 2282 764 2344 dudum
785 2281 951 2358 meditatur,

225 2412 255 2477 Si
276 2421 363 2476 vacat
384 2412 522 2490 ecclesia,
544 2415 590 2474 cui
612 2415 817 2491 committatur,

223 2545 327 2609 Pastor
348 2553 380 2608 ut
401 2546 525 2609 idoneus
547 2546 656 2628 populo
678 2554 847 2626 quaeratur,

222 2677 254 2738 ln
275 2685 425 2741 secretum
446 2696 613 2741 convocans
636 2696 716 2756 suos,
738 2680 777 2740 ita
802 2677 892 2740 latur:

282 2991 364 3055 Sicut
384 2992 422 3054 ad
443 3011 491 3053 me
512 2992 634 3074 pertulit.
652 3011 748 3055 novae
770 2992 865 3054 lamae
887 3010 988 3068 sonus,

219 3124 302 3186 Nunc
323 3130 410 3185 vacat
431 3122 570 3201 ecclesia,
591 3124 675 3187 cuius
697 3143 761 3186 sum
782 3132 932 3205 patronus,

218 3257 289 3319 Mihi
310 3258 370 3318 iam
391 3257 564 3319 incumbere
586 3258 669 3319 scitis
691 3256 768 3318 istud
789 3275 888 3334 onus,¹

217 3387 270 3448 Vir
291 3395 461 3469 quaeratur,
481 3388 591 3469 populo
612 3396 713 3468 pastor
734 3391 784 3469 qui
806 3391 845 3451 sit
865 3390 970 3451 bonus.

279 3703 356 3765 Utile
378 3701 532 3765 consilium
554 3702 623 3765 volo
646 3704 809 3768 mitridati.

214 3834 323 3896 Dicunt
343 3836 404 3896 sui:
425 3834 568 3899 Nolumus
588 3836 674 3898 vobis
696 3835 818 3915 adulari,

215 3966 359 4030 Convenit
381 3973 411 4028 et
431 3967 539 4030 iustum
561 3976 607 4031 est
627 3970 682 4031 hos
703 3972 898 4046 remunerari,

211 4099 268 4171 Qui
290 4100 376 4162 nobis
399 4099 515 4164 fidelius
537 4102 634 4164 solent
654 4100 797 4165 famulari.
