3060 5220
535 654 761 708 paturnelo.
1137 654 1193 706 xm

110 860 213 948 vium,
238 858 273 927 in
290 857 448 927 comitatu
471 865 505 924 et
528 853 679 927 dioecesi
695 853 927 945 Namurcensi,
950 854 990 925 ab
1010 854 1192 926 Eilberto

111 1008 256 1076 comite
281 1027 325 1075 ac
351 1004 508 1076 domino
525 1003 755 1076 Florinensi
780 1004 920 1096 eiusque
946 1006 1091 1096 coniuge
1108 1005 1193 1076 He-

111 1154 272 1228 resinde
301 1174 389 1225 anno
423 1165 638 1230 nccccxtvt
676 1151 832 1224 fundatur
860 1153 1074 1246 dotaturque‚
1108 1155 1193 1224 inter

111 1303 176 1374 alia
191 1302 347 1396 leguntur
363 1301 463 1374 haec:
489 1302 683 1389 „Quorum
699 1300 957 1396 petitionibus
975 1322 1067 1390 noe,
1091 1303 1194 1373 sicut

112 1472 276 1544 aequum
292 1459 394 1542 crat,
410 1471 544 1522 aurem
561 1448 828 1523 libentissime
845 1449 1193 1522 accommodantes

115 1653 351 1671 ..........
379 1598 591 1672 statuendo
617 1598 886 1688 decrevimus,
916 1607 955 1669 ut
984 1598 1081 1669 illud
1106 1592 1200 1669 mo-'

112 1752 328 1823 nasterium
369 1757 562 1843 perpetuo
600 1751 638 1819 in
675 1769 771 1820 usus
813 1768 1117 1821 ruasenrnonuu
1161 1756 1195 1818 et

112 1917 323 1971 raurunnu
351 1893 597 1986 stabiliatur,
631 1894 814 1966 firmetur
846 1905 960 1989 atque
991 1893 1196 1967 corrobo-

113 2053 240 2134 retur,
275 2053 313 2115 et
346 2065 505 2138 semper
538 2046 576 2115 in
610 2043 761 2116 ditione
793 2043 1005 2118 Sooroauu
1033 2067 1195 2139 perma-

112 2201 219 2284 neat,
250 2202 287 2263 et
312 2191 492 2286 quamdiu
516 2191 658 2286 aliquis
684 2193 841 2264 illorum
866 2195 1035 2284 vixerit,
1064 2193 1194 2264 nullus

113 2342 215 2415 alius
241 2340 315 2414 fiat
340 2340 479 2433 abhas,
513 2343 591 2414 nisi
618 2364 717 2414 nnus
747 2363 798 2413 cx
822 2344 943 2436 ipsis3
978 2350 1071 2437 post
1095 2363 1195 2412 vero

27 2522 34 2533 ,
115 2489 327 2564 decessum
352 2491 512 2562 illorum
537 2491 654 2582 alius,
679 2491 802 2563 Deum
827 2491 1001 2582 diligens
1027 2500 1065 2562 et
1086 2513 1197 2561 ama-

114 2648 177 2709 tor
215 2648 379 2711 sanctae
416 2638 613 2733 Regulos,
651 2639 856 2712 efficiatur
892 2638 1034 2727 abbas3
1072 2641 1197 2734 ipsum

115 2794 244 2858 autem
268 2789 567 2880 monasterium,
598 2788 702 2882 quod
726 2788 774 2860 od
800 2788 875 2860 hoc
898 2789 1079 2861 noscitur
1105 2808 1197 2860 esse

116 2944 407 3029 constructum,
457 2947 626 3021 vocetur
676 2937 870 3032 deinceps
920 2956 1197 3012 nonasrunruu

115 3099 454 3160 rannemundus«
490 3128 538 3139 -
571 3085 747 3160 Eiusmodi
779 3089 982 3159 monasteria
1009 3084 1197 3156 labentibus

116 3235 211 3306 annis
245 3223 340 3307 satis
360 3244 491 3308 constat
523 3258 543 3306 a
575 3236 683 3330 primo
713 3233 915 3308 frmdationis
942 3234 1083 3307 consitio
1108 3232 1197 3304 adeo

117 3364 306 3452 descivisse
334 3389 367 3451 et
392 3380 676 3473 degeneravisse,
701 3392 755 3472 ut,
782 3403 867 3475 quae
893 3379 935 3452 ad
961 3379 1198 3454 sustentandos

117 3546 247 3618 egenos
274 3537 309 3599 et
333 3532 534 3623 peregrinos
559 3529 691 3603 fuerant
716 3530 892 3622 destinata,
916 3529 1069 3625 perditae
1094 3530 1199 3600 luxu-

117 3676 189 3748 riae
213 3674 371 3749 abbatum
396 3688 430 3749 et
454 3679 695 3752 monachorum
724 3678 937 3754 inservirent.
998 3677 1097 3765 Quod
1122 3679 1200 3770 quin

118 3836 151 3898 et
182 3830 217 3898 in
249 3828 369 3921 Belgio
407 3828 531 3902 factum
569 3833 627 3921 sit,
665 3832 726 3902 vix
759 3839 872 3925 potest
905 3827 1064 3916 dubitari,
1103 3847 1200 3920 quam

118 3975 160 4046 ad
197 3976 308 4049 lahem
345 3979 413 4051 loci
448 3979 495 4052 illi
533 4002 565 4074 p.
601 3978 666 4068 20,
706 3978 748 4048 de
786 3975 899 4049 Scotis
937 3973 1199 4068 aegrotantibus,

120 4135 274 4220 spectare
318 4126 484 4199 videntur.
567 4125 747 4199 Praeterea
788 4126 926 4218 Belgam
976 4126 1081 4198 fuisse
1125 4125 1202 4196 Gil-
