3060 5220
777 657 999 710 GILLEBERTI

507 872 602 934 Decet
622 878 654 934 ut
674 890 730 953 per
751 872 858 934 divites
879 872 1056 934 adiuventur
1078 873 1184 948 cuncti,

447 1002 503 1076 Oui
524 1009 593 1065 sunt
614 1021 680 1065 oum
701 1003 864 1067 honoribus
886 1011 1034 1086 potestate
1055 1004 1159 1082 functi,

447 1133 558 1194 Tamen
579 1134 738 1215 specialius
759 1136 953 1216 promovendi
974 1144 1043 1198 sunt
1063 1136 1102 1214 hi,

447 1265 503 1338 Qui
525 1265 698 1329 familiarius
720 1268 807 1331 vobis
828 1275 897 1330 sunt
918 1272 1075 1333 coniuncti.

509 1579 585 1642 Huic
604 1586 707 1642 vestro
729 1580 853 1644 consilio
874 1580 952 1643 bene
974 1580 1064 1644 debet
1085 1583 1178 1660 credi,

447 1711 527 1789 Feci,
549 1711 630 1791 quod
651 1712 814 1791 consulitis,
836 1730 924 1774 nemo
945 1713 1035 1775 debet
1055 1713 1143 1790 laedi,

448 1840 480 1904 Si
502 1844 560 1904 iarn
581 1861 649 1906 meo
670 1842 731 1906 filio
752 1842 834 1905 tundi
856 1843 965 1906 donum
986 1845 1065 1922 dedi,

448 1973 516 2036 lure
537 1993 593 2038 suo
615 1974 740 2056 quilibet
760 1976 896 2057 providet
916 1974 1029 2036 heredi.

510 2290 587 2352 Novi
608 2290 753 2370 quendam
775 2290 917 2368 vetulum,
938 2291 1056 2353 ossibus
1077 2293 1129 2353 vix
1150 2291 1264 2368 haeret,

450 2423 506 2486 Hic
527 2424 553 2486 si
574 2441 652 2486 nunc
673 2425 703 2484 in
723 2422 828 2485 feretri
849 2422 959 2485 lectule
980 2425 1103 2499 iaceret,

450 2555 540 2617 Filius
563 2554 722 2618 ecclesiam
744 2573 811 2618 eras
832 2554 908 2617 aiter
927 2553 1063 2631 haberet,

450 2686 561 2748 Penurrr
581 2685 723 2764 BacchuS,
745 2687 885 2748 horreum
907 2705 976 2749 mox
998 2685 1090 2749 Ceres
1112 2686 1257 2768 impleret.

511 2998 631 3061 Vicaria
653 2998 738 3061 dives
760 3007 807 3061 est
827 3000 898 3061 mihi
919 2998 997 3060 berre
1018 3005 1097 3075 nota,

450 3130 597 3194 Ammodo
618 3150 678 3195 non
699 3131 899 3208 debiturum,
921 3128 1021 3206 eredo,
1042 3136 1114 3206 tota,

450 3264 590 3326 Portione
610 3265 698 3326 tertia
716 3263 764 3326 vel
786 3270 890 3343 quarte
911 3269 1024 3325 remota

451 3396 560 3458 Laetus
581 3396 623 3457 ibi
644 3397 757 3458 serviet
778 3396 876 3475 quivis
896 3393 995 3456 idiote.

513 3707 674 3770 Litteratos
695 3708 822 3771 elericos
843 3708 979 3772 volumus
1001 3727 1120 3786 cavere,

454 3842 568 3903 Tumidi
590 3843 714 3904 scientia
737 3840 839 3903 nolunt
860 3840 1027 3916 subiacere,

454 3973 547 4035 idiota
569 3973 693 4053 quilibet
712 3981 865 4055 promptus
887 3981 933 4035 est
954 3971 1088 4054 implere,

454 4107 564 4170 Timeri
586 4126 646 4169 non
668 4107 779 4188 appetit
799 4113 919 4188 paratus
940 4108 1056 4167 timere.
