3060 5220
298 653 338 720 34
729 652 954 705 oruuuaann

370 712 440 851 Q

457 868 528 930 Mox
550 867 661 929 amicos
683 873 751 928 ante
773 886 806 929 se
827 869 971 948 praecipit
992 869 1104 944 vocari,
1139 851 1144 861 ’

395 1000 486 1061 Natos
508 1018 574 1061 curn
595 1000 752 1080 nepotibus
774 999 857 1061 iubet
877 999 1010 1076 adunari,

394 1129 439 1194 Illi
456 1149 555 1215 prono
577 1132 674 1212 capite
695 1137 774 1192 stant
794 1130 889 1192 adhuc
910 1132 1018 1212 ignari,
1120 1174 1124 1180 .

394 1262 467 1336 Quis
488 1263 526 1324 ad
547 1281 634 1343 quarn
653 1262 811 1325 ecclesiam
833 1261 942 1324 debeat
962 1264 1074 1324 vocari.

457 1577 539 1638 Tunc
559 1576 712 1657 suspirans
733 1576 847 1656 incipit:
868 1576 948 1650 Quas
971 1594 1019 1636 ine
1039 1574 1196 1657 possidere

394 1709 525 1792 Contigit
548 1708 702 1786 eeclesias,
724 1726 819 1790 cogor
839 1690 917 1769 nunc
938 1725 1054 1786 carere,
1077 1711 1078 1714 ’

309 1920 315 1936 ·
393 1842 454 1905 Has
476 1844 545 1923 quia
567 1843 675 1904 diutius
698 1860 757 1905 non
776 1858 898 1923 possum
919 1846 1035 1917 tenere,
1155 1877 1158 1885 -

393 1975 481 2054 Malo,
502 1995 590 2056 quam
612 1981 782 2052 extraneos,
803 1972 869 2036 illas
890 1992 944 2036 vos
966 1974 1089 2036 habere.

454 2289 565 2350 Tamen
586 2288 644 2350 hoc
664 2287 828 2349 firmabitur
849 2286 901 2348 tali
922 2289 1068 2368 pactione,

392 2420 439 2499 Ut,
460 2421 538 2482 inter
557 2438 612 2482 vos
633 2420 732 2483 habita
753 2420 972 2497 distributione,

392 2550 459 2634 Ego
481 2570 600 2633 quoque
621 2553 768 2636 gaudeam
789 2554 866 2613 iusta
887 2552 1035 2632 portione,

391 2683 495 2757 Quoad
516 2686 624 2764 vivam,
645 2685 724 2762 volo,
746 2686 802 2747 siin
823 2686 853 2746 in
874 2685 1077 2764 possessione.

452 2997 543 3075 Dixit,
564 3003 595 3058 et
616 2996 752 3059 ecelesiis
775 2997 817 3060 illi
839 2998 896 3060 sibi
918 2998 995 3061 datis
1059 3075 1061 3080 Ι

390 3128 591 3192 Lacrimantes
612 3131 776 3213 approbant
797 3149 871 3212 opus
892 3131 1022 3211 pietatis,

390 3262 428 3324 Et
447 3262 535 3340 hunc,
557 3281 646 3343 quern
668 3252 836 3325 dilexerant
856 3281 911 3344 spe
931 3265 1149 3344 prosperitatis,

391 3392 506 3455 Timent
526 3396 594 3472 iam,
615 3412 653 3456 ne
674 3397 782 3457 nimiae
803 3396 842 3457 sit
862 3397 1039 3459 vivacitatis.

326 3736 334 3753 ι
451 3705 525 3786 Nam
546 3706 615 3768 durn
637 3707 744 3786 cuique
762 3705 871 3768 dictum
890 3707 1032 3787 estquod
1053 3708 1092 3769 sit
1111 3707 1278 3786 habiturus,

390 3835 451 3898 Sed
471 3839 592 3900 vivente
613 3837 732 3901 domino
754 3837 826 3899 nihil
849 3845 1056 3920 percepturus,

387 3969 617 4050 Exspectantenr
638 3969 729 4032 afficit
750 3976 809 4031 tam
831 3970 881 4032 diu
901 3971 1046 4047 victurus,

388 4099 425 4162 Et
444 4119 515 4182 spes
535 4100 626 4183 longa
648 4102 760 4163 cruciat
782 4108 812 4162 et
833 4119 943 4163 census
964 4098 1090 4163 iuturus.
