<?xml version="1.0" encoding="UTF-8"?>
<!DOCTYPE html PUBLIC "-//W3C//DTD XHTML 1.0 Transitional//EN"
    "http://www.w3.org/TR/xhtml1/DTD/xhtml1-transitional.dtd">
<html xmlns="http://www.w3.org/1999/xhtml" xml:lang="en" lang="en">
 <head>
  <title>
</title>
<meta http-equiv="Content-Type" content="text/html;charset=utf-8" />
  <meta name='ocr-system' content='tesseract 3.04.00' />
  <meta name='ocr-capabilities' content='ocr_page ocr_carea ocr_par ocr_line ocrx_word'/>
</head>
<body>
  <div class='ocr_page' id='page_1' title='image "./gilleberticarmi00gilbgoog_0077.png"; bbox 0 0 3060 5220; ppageno 0'>
   <div class='ocr_carea' id='block_1_1' title="bbox 780 656 1004 711">
    <p class='ocr_par' dir='ltr' id='par_1_1' title="bbox 780 656 1004 711">
     <span class='ocr_line' id='line_1_1' title="bbox 780 656 1004 711; baseline 0.004 -1"><span class='ocrx_word' id='word_1_1' title='bbox 780 656 1004 711; x_wconf 84' lang='lat' dir='ltr'><strong>GiLLEBERTl</strong></span> 
     </span>
    </p>
   </div>
   <div class='ocr_carea' id='block_1_2' title="bbox 508 869 1290 954">
    <p class='ocr_par' dir='ltr' id='par_1_2' title="bbox 508 869 1290 954">
     <span class='ocr_line' id='line_1_2' title="bbox 508 869 1290 954; baseline 0.005 -22"><span class='ocrx_word' id='word_1_2' title='bbox 508 869 603 933; x_wconf 86' lang='lat' dir='ltr'><strong>Huius</strong></span> <span class='ocrx_word' id='word_1_3' title='bbox 624 871 692 933; x_wconf 87' lang='lat' dir='ltr'><strong>mali</strong></span> <span class='ocrx_word' id='word_1_4' title='bbox 714 879 808 934; x_wconf 89' lang='lat' dir='ltr'><strong>mater</strong></span> <span class='ocrx_word' id='word_1_5' title='bbox 830 879 877 935; x_wconf 91' lang='lat' dir='ltr'><strong>est</strong></span> <span class='ocrx_word' id='word_1_6' title='bbox 898 873 982 954; x_wconf 86' lang='lat' dir='ltr'><strong>eulpa</strong></span> <span class='ocrx_word' id='word_1_7' title='bbox 1003 874 1203 954; x_wconf 84' lang='lat' dir='ltr'><strong>praelatarum</strong></span> <span class='ocrx_word' id='word_1_8' title='bbox 1286 940 1290 947; x_wconf 66' lang='grc'><strong>,</strong></span> 
     </span>
    </p>
   </div>
   <div class='ocr_carea' id='block_1_3' title="bbox 448 1004 1123 1087">
    <p class='ocr_par' dir='ltr' id='par_1_3' title="bbox 448 1004 1123 1087">
     <span class='ocr_line' id='line_1_3' title="bbox 448 1004 1123 1087; baseline 0.004 -23"><span class='ocrx_word' id='word_1_9' title='bbox 448 1005 634 1087; x_wconf 76' lang='lat' dir='ltr'>Primumque</span> <span class='ocrx_word' id='word_1_10' title='bbox 656 1007 809 1067; x_wconf 74' lang='lat' dir='ltr'><strong>materiam</strong></span> <span class='ocrx_word' id='word_1_11' title='bbox 831 1005 960 1084; x_wconf 79' lang='lat' dir='ltr'>concipit</span> <span class='ocrx_word' id='word_1_12' title='bbox 980 1004 1123 1067; x_wconf 90' lang='lat' dir='ltr'><strong>malorum</strong></span> 
     </span>
    </p>
   </div>
   <div class='ocr_carea' id='block_1_4' title="bbox 447 1111 1166 1217">
    <p class='ocr_par' dir='ltr' id='par_1_4' title="bbox 447 1111 1166 1217">
     <span class='ocr_line' id='line_1_4' title="bbox 447 1111 1166 1217; baseline -0.001 -20"><span class='ocrx_word' id='word_1_13' title='bbox 447 1135 517 1198; x_wconf 91' lang='lat' dir='ltr'><strong>Post</strong></span> <span class='ocrx_word' id='word_1_14' title='bbox 537 1136 612 1198; x_wconf 87' lang='lat' dir='ltr'><strong>haec</strong></span> <span class='ocrx_word' id='word_1_15' title='bbox 633 1136 712 1217; x_wconf 92' lang='lat' dir='ltr'><strong>quod</strong></span> <span class='ocrx_word' id='word_1_16' title='bbox 733 1137 846 1198; x_wconf 86' lang='lat' dir='ltr'><strong>incuria</strong></span> <span class='ocrx_word' id='word_1_17' title='bbox 868 1111 993 1217; x_wconf 75' lang='lat' dir='ltr'><strong>parturit</strong></span> <span class='ocrx_word' id='word_1_18' title='bbox 1013 1143 1166 1217; x_wconf 84' lang='lat' dir='ltr'><strong>pastorum</strong></span> 
     </span>
    </p>
   </div>
   <div class='ocr_carea' id='block_1_5' title="bbox 448 1266 1135 1348">
    <p class='ocr_par' dir='ltr' id='par_1_5' title="bbox 448 1266 1135 1348">
     <span class='ocr_line' id='line_1_5' title="bbox 448 1266 1135 1348; baseline 0.001 -21"><span class='ocrx_word' id='word_1_19' title='bbox 448 1266 512 1328; x_wconf 86' lang='lat' dir='ltr'><strong>Hae</strong></span> <span class='ocrx_word' id='word_1_20' title='bbox 533 1266 656 1328; x_wconf 82' lang='lat' dir='ltr'><strong>effrenis</strong></span> <span class='ocrx_word' id='word_1_21' title='bbox 677 1268 807 1348; x_wconf 88' lang='lat' dir='ltr'><strong>pravitas</strong></span> <span class='ocrx_word' id='word_1_22' title='bbox 828 1269 920 1328; x_wconf 91' lang='lat' dir='ltr'><strong>nutrit</strong></span> <span class='ocrx_word' id='word_1_23' title='bbox 941 1267 1135 1329; x_wconf 89' lang='lat' dir='ltr'><strong>subditorum.</strong></span> 
     </span>
    </p>
   </div>
   <div class='ocr_carea' id='block_1_6' title="bbox 448 1579 1204 1786">
    <p class='ocr_par' dir='ltr' id='par_1_6' title="bbox 448 1579 1204 1786">
     <span class='ocr_line' id='line_1_6' title="bbox 509 1579 1204 1658; baseline 0.001 -16"><span class='ocrx_word' id='word_1_24' title='bbox 509 1579 654 1652; x_wconf 75' lang='lat' dir='ltr'><strong>Quantam</strong></span> <span class='ocrx_word' id='word_1_25' title='bbox 676 1584 706 1643; x_wconf 92' lang='lat' dir='ltr'><strong>in</strong></span> <span class='ocrx_word' id='word_1_26' title='bbox 727 1583 884 1643; x_wconf 78' lang='lat' dir='ltr'><strong>amentiam</strong></span> <span class='ocrx_word' id='word_1_27' title='bbox 905 1581 987 1643; x_wconf 89' lang='lat' dir='ltr'><strong>multi</strong></span> <span class='ocrx_word' id='word_1_28' title='bbox 1009 1581 1204 1658; x_wconf 88' lang='lat' dir='ltr'><strong>devenerunt,</strong></span> 
     </span>
     <span class='ocr_line' id='line_1_7' title="bbox 448 1706 1146 1786; baseline 0.001 -18"><span class='ocrx_word' id='word_1_29' title='bbox 448 1706 531 1779; x_wconf 84' lang='lat' dir='ltr'><strong>Quae</strong></span> <span class='ocrx_word' id='word_1_30' title='bbox 552 1707 611 1769; x_wconf 88' lang='lat' dir='ltr'><strong>sibi</strong></span> <span class='ocrx_word' id='word_1_31' title='bbox 631 1711 736 1772; x_wconf 85' lang='lat' dir='ltr'><strong>nociva</strong></span> <span class='ocrx_word' id='word_1_32' title='bbox 757 1717 826 1773; x_wconf 91' lang='lat' dir='ltr'><strong>sunt</strong></span> <span class='ocrx_word' id='word_1_33' title='bbox 847 1718 877 1772; x_wconf 88' lang='lat' dir='ltr'><strong>et</strong></span> <span class='ocrx_word' id='word_1_34' title='bbox 898 1729 968 1774; x_wconf 89' lang='lat' dir='ltr'><strong>esse</strong></span> <span class='ocrx_word' id='word_1_35' title='bbox 989 1714 1146 1786; x_wconf 86' lang='lat' dir='ltr'><strong>naverunt,</strong></span> 
     </span>
    </p>
   </div>
   <div class='ocr_carea' id='block_1_7' title="bbox 449 1843 1127 1927">
    <p class='ocr_par' dir='ltr' id='par_1_7' title="bbox 449 1843 1127 1927">
     <span class='ocr_line' id='line_1_8' title="bbox 449 1843 1127 1927; baseline 0 -23"><span class='ocrx_word' id='word_1_36' title='bbox 449 1843 628 1926; x_wconf 83' lang='lat' dir='ltr'><strong>Certumque</strong></span> <span class='ocrx_word' id='word_1_37' title='bbox 649 1845 814 1927; x_wconf 85' lang='lat' dir='ltr'><strong>perieulum</strong></span> <span class='ocrx_word' id='word_1_38' title='bbox 834 1847 997 1906; x_wconf 88' lang='lat' dir='ltr'><strong>animarum</strong></span> <span class='ocrx_word' id='word_1_39' title='bbox 1018 1843 1127 1920; x_wconf 82' lang='lat' dir='ltr'><strong>serunt,</strong></span> 
     </span>
    </p>
   </div>
   <div class='ocr_carea' id='block_1_8' title="bbox 449 1976 1115 2061">
    <p class='ocr_par' dir='ltr' id='par_1_8' title="bbox 449 1976 1115 2061">
     <span class='ocr_line' id='line_1_9' title="bbox 449 1976 1115 2061; baseline 0.002 -24"><span class='ocrx_word' id='word_1_40' title='bbox 449 1976 599 2058; x_wconf 83' lang='lat' dir='ltr'><strong>Tanquam</strong></span> <span class='ocrx_word' id='word_1_41' title='bbox 621 1978 774 2040; x_wconf 85' lang='lat' dir='ltr'><strong>salutifera</strong></span> <span class='ocrx_word' id='word_1_42' title='bbox 795 1978 939 2061; x_wconf 85' lang='lat' dir='ltr'><strong>litigando</strong></span> <span class='ocrx_word' id='word_1_43' title='bbox 960 1985 1115 2058; x_wconf 90' lang='lat' dir='ltr'><strong>quaerunt.</strong></span> 
     </span>
    </p>
   </div>
   <div class='ocr_carea' id='block_1_9' title="bbox 449 2290 1225 2636">
    <p class='ocr_par' dir='ltr' id='par_1_9' title="bbox 449 2290 1225 2636">
     <span class='ocr_line' id='line_1_10' title="bbox 511 2290 1225 2373; baseline 0 -20"><span class='ocrx_word' id='word_1_44' title='bbox 511 2290 663 2363; x_wconf 84' lang='lat' dir='ltr'><strong>Quaerunt</strong></span> <span class='ocrx_word' id='word_1_45' title='bbox 684 2291 762 2353; x_wconf 88' lang='lat' dir='ltr'><strong>unde</strong></span> <span class='ocrx_word' id='word_1_46' title='bbox 783 2298 908 2372; x_wconf 84' lang='lat' dir='ltr'><strong>pereant</strong></span> <span class='ocrx_word' id='word_1_47' title='bbox 929 2298 1104 2372; x_wconf 88' lang='lat' dir='ltr'><strong>certantque</strong></span> <span class='ocrx_word' id='word_1_48' title='bbox 1125 2294 1225 2373; x_wconf 88' lang='lat' dir='ltr'><strong>perire</strong></span> 
     </span>
     <span class='ocr_line' id='line_1_11' title="bbox 449 2425 1096 2507; baseline 0.002 -19"><span class='ocrx_word' id='word_1_49' title='bbox 449 2425 486 2488; x_wconf 88' lang='lat' dir='ltr'><strong>Et</strong></span> <span class='ocrx_word' id='word_1_50' title='bbox 506 2425 647 2488; x_wconf 77' lang='lat' dir='ltr'><strong>festinant</strong></span> <span class='ocrx_word' id='word_1_51' title='bbox 667 2425 792 2488; x_wconf 89' lang='lat' dir='ltr'><strong>alterum</strong></span> <span class='ocrx_word' id='word_1_52' title='bbox 813 2426 888 2488; x_wconf 89' lang='lat' dir='ltr'><strong>alter</strong></span> <span class='ocrx_word' id='word_1_53' title='bbox 909 2430 1096 2507; x_wconf 87' lang='lat' dir='ltr'><strong>praevenire,</strong></span> 
     </span>
     <span class='ocr_line' id='line_1_12' title="bbox 450 2553 1182 2636; baseline 0 -21"><span class='ocrx_word' id='word_1_54' title='bbox 450 2553 506 2626; x_wconf 88' lang='lat' dir='ltr'><strong>Qui</strong></span> <span class='ocrx_word' id='word_1_55' title='bbox 528 2556 626 2617; x_wconf 87' lang='lat' dir='ltr'><strong>sciunt</strong></span> <span class='ocrx_word' id='word_1_56' title='bbox 646 2555 811 2636; x_wconf 86' lang='lat' dir='ltr'><strong>periculum</strong></span> <span class='ocrx_word' id='word_1_57' title='bbox 831 2574 888 2617; x_wconf 88' lang='lat' dir='ltr'><strong>nee</strong></span> <span class='ocrx_word' id='word_1_58' title='bbox 909 2562 1033 2636; x_wconf 84' lang='lat' dir='ltr'><strong>possunt</strong></span> <span class='ocrx_word' id='word_1_59' title='bbox 1052 2557 1182 2632; x_wconf 87' lang='lat' dir='ltr'><strong>nescire,</strong></span> 
     </span>
    </p>
   </div>
   <div class='ocr_carea' id='block_1_10' title="bbox 451 2689 1115 2755">
    <p class='ocr_par' dir='ltr' id='par_1_10' title="bbox 451 2689 1115 2755">
     <span class='ocr_line' id='line_1_13' title="bbox 451 2689 1115 2755; baseline 0.008 -5"><span class='ocrx_word' id='word_1_60' title='bbox 451 2689 513 2752; x_wconf 88' lang='lat' dir='ltr'><strong>Has</strong></span> <span class='ocrx_word' id='word_1_61' title='bbox 534 2690 671 2752; x_wconf 87' lang='lat' dir='ltr'><strong>viventes</strong></span> <span class='ocrx_word' id='word_1_62' title='bbox 693 2690 820 2752; x_wconf 85' lang='lat' dir='ltr'><strong>dixerim</strong></span> <span class='ocrx_word' id='word_1_63' title='bbox 842 2693 872 2752; x_wconf 94' lang='lat' dir='ltr'><strong>in</strong></span> <span class='ocrx_word' id='word_1_64' title='bbox 893 2691 1040 2754; x_wconf 89' lang='lat' dir='ltr'><strong>infernum</strong></span> <span class='ocrx_word' id='word_1_65' title='bbox 1062 2695 1115 2755; x_wconf 88' lang='lat' dir='ltr'><strong>ire.</strong></span> 
     </span>
    </p>
   </div>
   <div class='ocr_carea' id='block_1_11' title="bbox 450 3001 1186 3350">
    <p class='ocr_par' dir='ltr' id='par_1_11' title="bbox 450 3001 1186 3350">
     <span class='ocr_line' id='line_1_14' title="bbox 511 3001 1186 3069; baseline 0.009 -6"><span class='ocrx_word' id='word_1_66' title='bbox 511 3001 595 3064; x_wconf 86' lang='lat' dir='ltr'><strong>Eheu</strong></span> <span class='ocrx_word' id='word_1_67' title='bbox 616 3002 816 3064; x_wconf 85' lang='lat' dir='ltr'><strong>miserabilem</strong></span> <span class='ocrx_word' id='word_1_68' title='bbox 838 3010 869 3065; x_wconf 89' lang='lat' dir='ltr'><strong>et</strong></span> <span class='ocrx_word' id='word_1_69' title='bbox 889 3004 1054 3067; x_wconf 87' lang='lat' dir='ltr'><strong>dedendam</strong></span> <span class='ocrx_word' id='word_1_70' title='bbox 1075 3013 1186 3069; x_wconf 90' lang='lat' dir='ltr'><strong>sortem</strong></span> 
     </span>
     <span class='ocr_line' id='line_1_15' title="bbox 450 3134 1140 3200; baseline 0.007 -5"><span class='ocrx_word' id='word_1_71' title='bbox 450 3134 488 3196; x_wconf 90' lang='lat' dir='ltr'><strong>Et</strong></span> <span class='ocrx_word' id='word_1_72' title='bbox 507 3153 581 3196; x_wconf 91' lang='lat' dir='ltr'><strong>vere</strong></span> <span class='ocrx_word' id='word_1_73' title='bbox 603 3135 777 3198; x_wconf 86' lang='lat' dir='ltr'><strong>coelestium</strong></span> <span class='ocrx_word' id='word_1_74' title='bbox 799 3154 952 3199; x_wconf 92' lang='lat' dir='ltr'><strong>munerum</strong></span> <span class='ocrx_word' id='word_1_75' title='bbox 975 3140 1140 3200; x_wconf 82' lang='lat' dir='ltr'><strong>exsortem!</strong></span> 
     </span>
     <span class='ocr_line' id='line_1_16' title="bbox 452 3266 1097 3350; baseline 0.008 -21"><span class='ocrx_word' id='word_1_76' title='bbox 452 3266 540 3330; x_wconf 89' lang='lat' dir='ltr'><strong>Suam</strong></span> <span class='ocrx_word' id='word_1_77' title='bbox 562 3271 614 3348; x_wconf 93' lang='lat' dir='ltr'><strong>qui</strong></span> <span class='ocrx_word' id='word_1_78' title='bbox 635 3268 781 3331; x_wconf 86' lang='lat' dir='ltr'><strong>debuerat</strong></span> <span class='ocrx_word' id='word_1_79' title='bbox 801 3269 912 3332; x_wconf 88' lang='lat' dir='ltr'><strong>ducere</strong></span> <span class='ocrx_word' id='word_1_80' title='bbox 934 3273 1097 3350; x_wconf 79' lang='lat' dir='ltr'><strong>eohortem,</strong></span> 
     </span>
    </p>
   </div>
   <div class='ocr_carea' id='block_1_12' title="bbox 452 3399 1206 3486">
    <p class='ocr_par' dir='ltr' id='par_1_12' title="bbox 452 3399 1206 3486">
     <span class='ocr_line' id='line_1_17' title="bbox 452 3399 1206 3486; baseline 0.012 -28"><span class='ocrx_word' id='word_1_81' title='bbox 452 3399 519 3461; x_wconf 87' lang='lat' dir='ltr'><strong>Dux</strong></span> <span class='ocrx_word' id='word_1_82' title='bbox 541 3400 578 3462; x_wconf 91' lang='lat' dir='ltr'><strong>ad</strong></span> <span class='ocrx_word' id='word_1_83' title='bbox 599 3403 688 3463; x_wconf 88' lang='lat' dir='ltr'><strong>vitam</strong></span> <span class='ocrx_word' id='word_1_84' title='bbox 711 3402 776 3463; x_wconf 91' lang='lat' dir='ltr'><strong>eius</strong></span> <span class='ocrx_word' id='word_1_85' title='bbox 799 3408 845 3463; x_wconf 95' lang='lat' dir='ltr'><strong>est</strong></span> <span class='ocrx_word' id='word_1_86' title='bbox 866 3403 993 3486; x_wconf 77' lang='lat' dir='ltr'><strong>signifer</strong></span> <span class='ocrx_word' id='word_1_87' title='bbox 1014 3404 1050 3466; x_wconf 91' lang='lat' dir='ltr'><strong>ad</strong></span> <span class='ocrx_word' id='word_1_88' title='bbox 1072 3412 1206 3467; x_wconf 88' lang='lat' dir='ltr'><strong>mortem.</strong></span> 
     </span>
    </p>
   </div>
   <div class='ocr_carea' id='block_1_13' title="bbox 451 3711 1159 4062">
    <p class='ocr_par' dir='ltr' id='par_1_13' title="bbox 451 3711 1159 4062">
     <span class='ocr_line' id='line_1_18' title="bbox 514 3711 1159 3797; baseline 0.008 -24"><span class='ocrx_word' id='word_1_89' title='bbox 514 3711 604 3775; x_wconf 88' lang='lat' dir='ltr'><strong>Suum</strong></span> <span class='ocrx_word' id='word_1_90' title='bbox 626 3715 656 3775; x_wconf 94' lang='lat' dir='ltr'><strong>in</strong></span> <span class='ocrx_word' id='word_1_91' title='bbox 677 3716 826 3776; x_wconf 91' lang='lat' dir='ltr'><strong>interitum</strong></span> <span class='ocrx_word' id='word_1_92' title='bbox 848 3715 966 3777; x_wconf 87' lang='lat' dir='ltr'><strong>student</strong></span> <span class='ocrx_word' id='word_1_93' title='bbox 987 3734 1159 3797; x_wconf 86' lang='lat' dir='ltr'><strong>properare,</strong></span> 
     </span>
     <span class='ocr_line' id='line_1_19' title="bbox 451 3845 1110 3928; baseline 0.003 -21"><span class='ocrx_word' id='word_1_94' title='bbox 451 3845 489 3907; x_wconf 89' lang='lat' dir='ltr'><strong>Et</strong></span> <span class='ocrx_word' id='word_1_95' title='bbox 509 3865 569 3909; x_wconf 90' lang='lat' dir='ltr'><strong>non</strong></span> <span class='ocrx_word' id='word_1_96' title='bbox 590 3853 646 3925; x_wconf 88' lang='lat' dir='ltr'><strong>est,</strong></span> <span class='ocrx_word' id='word_1_97' title='bbox 667 3851 717 3928; x_wconf 95' lang='lat' dir='ltr'><strong>qui</strong></span> <span class='ocrx_word' id='word_1_98' title='bbox 739 3848 847 3910; x_wconf 91' lang='lat' dir='ltr'><strong>audeat</strong></span> <span class='ocrx_word' id='word_1_99' title='bbox 867 3848 934 3911; x_wconf 90' lang='lat' dir='ltr'><strong>illos</strong></span> <span class='ocrx_word' id='word_1_100' title='bbox 955 3866 1110 3925; x_wconf 82' lang='lat' dir='ltr'><strong>revocare,</strong></span> 
     </span>
     <span class='ocr_line' id='line_1_20' title="bbox 453 3978 1082 4062; baseline 0.002 -22"><span class='ocrx_word' id='word_1_101' title='bbox 453 3978 620 4042; x_wconf 85' lang='lat' dir='ltr'><strong>lncantatar</strong></span> <span class='ocrx_word' id='word_1_102' title='bbox 640 3983 770 4062; x_wconf 87' lang='lat' dir='ltr'><strong>sapiens,</strong></span> <span class='ocrx_word' id='word_1_103' title='bbox 792 3984 817 4043; x_wconf 94' lang='lat' dir='ltr'><strong>si</strong></span> <span class='ocrx_word' id='word_1_104' title='bbox 838 3981 901 4043; x_wconf 91' lang='lat' dir='ltr'><strong>vult</strong></span> <span class='ocrx_word' id='word_1_105' title='bbox 921 3985 1082 4058; x_wconf 85' lang='lat' dir='ltr'><strong>incantare,</strong></span> 
     </span>
    </p>
   </div>
   <div class='ocr_carea' id='block_1_14' title="bbox 453 4112 1077 4194">
    <p class='ocr_par' dir='ltr' id='par_1_14' title="bbox 453 4112 1077 4194">
     <span class='ocr_line' id='line_1_21' title="bbox 453 4112 1077 4194; baseline 0.002 -21"><span class='ocrx_word' id='word_1_106' title='bbox 453 4112 565 4174; x_wconf 81' lang='lat' dir='ltr'><strong>Aurem</strong></span> <span class='ocrx_word' id='word_1_107' title='bbox 588 4116 667 4194; x_wconf 84' lang='lat' dir='ltr'><strong>aspis</strong></span> <span class='ocrx_word' id='word_1_108' title='bbox 691 4114 796 4178; x_wconf 89' lang='lat' dir='ltr'><strong>callida</strong></span> <span class='ocrx_word' id='word_1_109' title='bbox 817 4117 899 4178; x_wconf 84' lang='lat' dir='ltr'><strong>navit</strong></span> <span class='ocrx_word' id='word_1_110' title='bbox 921 4114 1077 4176; x_wconf 84' lang='lat' dir='ltr'><strong>obdurare.</strong></span> 
     </span>
    </p>
   </div>
   <div class='ocr_carea' id='block_1_15' title="bbox 0 0 1544 5220">
    <p class='ocr_par' dir='ltr' id='par_1_15' title="bbox 0 0 1544 5220">
     <span class='ocr_line' id='line_1_22' title="bbox 0 0 1544 5220; baseline 0 0"><span class='ocrx_word' id='word_1_111' title='bbox 0 0 1544 5220; x_wconf 95' lang='lat' dir='ltr'><strong> </strong></span> 
     </span>
    </p>
   </div>
  </div>
 </body>
</html>
