3060 5220
622 666 801 718 GAllllllllA.

332 880 510 943 Verecunda
532 879 624 943 iacies
646 883 772 964 virginis
794 881 940 959 ostendat,

272 1013 349 1086 Quid
370 1013 449 1075 bene
470 1011 614 1094 disposita
635 1032 719 1077 mens
740 1017 819 1077 intus
840 1014 981 1092 intendat,

272 1145 426 1229 Linguam,
447 1163 565 1224 sensus,
586 1164 677 1228 opera
699 1163 753 1208 sua
774 1147 819 1208 sio
839 1146 979 1224 attondat,

271 1275 310 1340 Ut
330 1296 434 1341 onmes
456 1277 602 1355 aedificet,
623 1279 770 1340 nemiuem
791 1277 931 1341 offendat.

335 1589 444 1651 Cuncta
466 1590 587 1669 quidem
608 1591 742 1670 corporis
764 1589 895 1651 membra
917 1589 1080 1672 gubernmi

272 1723 408 1801 Possunt,
429 1721 483 1784 sod
504 1740 564 1784 non
584 1720 671 1785 laoile
692 1721 794 1805 lingua
814 1721 971 1801 redonari,

273 1853 414 1935 Quisquis
435 1852 566 1937 linguam
587 1855 695 1915 meruit
715 1856 793 1917 iuste
814 1853 972 1932 moderari,

273 1986 477 2051 Perfectorum
497 1988 593 2067 potuit
613 1987 727 2049 meritis
749 1988 880 2066 aequari.

336 2301 411 2363 lllira
432 2299 558 2361 membri
579 2301 652 2362 satis
674 2305 721 2361 est
740 2298 826 2361 huius
847 2298 999 2377 habitudo,

276 2431 354 2495 Osse
376 2449 482 2495 carens
503 2429 614 2515 frangit
635 2448 669 2494 os
692 2432 756 2495 eius
777 2429 933 2507 fortitud03

276 2564 309 2626 ln
330 2567 396 2647 ipso
417 2564 544 2628 dulcedo
566 2571 614 2627 ost
634 2570 665 2626 et
686 2563 860 2641 amaritudo,

276 2697 394 2761 Excitat
414 2698 561 2777 incendia,
582 2697 716 2778 quamvis
738 2697 778 2759 sit
798 2697 828 2758 in
850 2695 917 2758 udo.

339 3010 399 3072 Ros
413 3016 460 3072 est
471 3016 604 3073 monstro
617 3009 733 3089 similis,
749 3009 804 3072 sed
821 3028 885 3071 rem
898 3015 956 3071 tam
969 3014 1165 3071 monstrosam

276 3142 315 3205 Et
334 3149 393 3205 tam
414 3142 531 3224 plenam
551 3144 631 3205 vitiis
653 3141 701 3205 fao
721 3160 780 3204 non
800 3142 948 3218 vitiosam,

276 3273 370 3346 Quam
391 3277 527 3356 perversi
548 3273 660 3338 iaciunt
680 3274 799 3337 sibimet
819 3274 1000 3352 damnosam,

278 3407 340 3469 'lua
362 3409 455 3470 virtus
477 3406 567 3470 faciat
588 3425 657 3470 osso
679 3405 866 3469 fructuosam.

339 3721 433 3804 Igitur
454 3719 618 3783 custodiam
638 3728 689 3783 tuo
711 3737 803 3800 ponas
825 3721 880 3796 ori,

278 3851 357 3915 Nulli
378 3869 492 3915 morem
512 3868 624 3935 gotero
636 3851 720 3945 ⁸velis
742 3851 915 3929 detractori,

278 3984 471 4047 Detraotores
494 3983 643 4047 devovent
664 3984 840 4067 angelorum
862 3983 955 4063 chori,

278 4114 387 4177 Malum
408 4116 465 4179 hoc
486 4134 546 4180 non
568 4117 707 4178 convomit
727 4117 853 4200 virginis
874 4115 988 4179 honori.
