3060 5220
747 658 971 711 etttussenrr

474 876 548 939 Nam
570 894 659 956 quem
680 874 765 938 vides
787 875 893 937 laicum
914 874 981 955 plus
1003 892 1037 936 se
1058 874 1219 937 redimire?

414 1006 527 1069 Collum
549 1008 647 1068 cernis
670 1006 771 1069 clerici
792 1006 912 1068 limbum
933 1008 1071 1082 circuire,

414 1139 503 1201 Cuius
525 1155 631 1220 posses
652 1139 749 1218 pretio
771 1137 892 1200 militem
914 1139 1034 1199 vestire.

413 1270 513 1332 Talem
535 1269 711 1333 feminarum
733 1276 780 1332 est
799 1270 931 1333 habitum
952 1270 1079 1333 ambiret

475 1584 570 1646 Senes
591 1591 696 1646 ornant
717 1583 859 1646 tremulos
880 1586 938 1645 iam
959 1586 1057 1645 vicine
1077 1583 1136 1645 fine

412 1714 478 1777 Non
499 1717 595 1777 minus
618 1734 704 1795 quam
725 1732 835 1796 pueros
856 1715 946 1797 gulae
967 1714 1152 1792 mustelinae‚

412 1849 493 1920 Quos
516 1866 593 1911 nunc
614 1850 704 1910 vestit
726 1848 855 1931 dignitas
875 1846 961 1940 pellis
984 1846 1156 1925 sabellinae,

411 1978 502 2043 Paulo
522 1988 591 2063 pest
612 1981 743 2061 excipiet
763 1980 898 2062 planctus
918 1979 1060 2042 libitinae.

471 2295 577 2358 Fluunt
598 2302 629 2357 et
647 2295 831 2377 superfluunt
851 2296 957 2358 borum
976 2297 1165 2376 promtuaria,

410 2426 496 2488 Nulla
518 2445 588 2489 suos
610 2426 700 2490 afficit
719 2426 768 2489 vel
789 2431 884 2510 tangit
903 2429 1036 2509 penaria,
1074 2505 1077 2513 Ι

410 2561 542 2623 Resonat
564 2566 594 2621 et
614 2560 728 2623 lusibus
750 2567 811 2623 tota
832 2562 937 2643 strepit
958 2563 1049 2639 curia,

410 2691 606 2774 Organizant‚
628 2693 786 2754 concinunt
806 2710 882 2754 voce
902 2692 1069 2756 multifaria.

470 3005 523 3066 lile
543 3004 666 3087 globum
688 3004 831 3084 sequitur,
852 3004 901 3066 hic
921 3003 1043 3065 studens
1064 3004 1094 3064 in
1116 3005 1211 3065 scacis

408 3135 529 3198 Excitat
550 3137 702 3217 ingenium
724 3134 812 3196 animi
834 3135 962 3216 capacis,

408 3267 464 3330 Hie
485 3268 522 3330 ad
543 3268 643 3330 ludum
663 3268 802 3331 residens
823 3268 908 3331 aleae
929 3268 1045 3347 rapacis

408 3400 528 3463 delerat
548 3401 671 3463 insidias
692 3408 828 3463 tesserae
849 3398 971 3462 fallacis

467 3715 578 3778 Domus
600 3716 626 3776 si
648 3716 783 3776 circueas
805 3721 931 3793 quatuor
951 3715 1094 3790 vicorum,

406 3847 466 3910 Vix
485 3846 535 3910 vel
556 3865 615 3910 non
635 3848 770 3909 invenies
791 3853 835 3908 tet
855 3846 959 3909 modes
980 3844 1126 3919 ludorum,

407 3977 487 4042 Unus
509 3977 591 4041 solus
613 3978 739 4041 ambitus
760 3976 881 4040 claustri
903 3977 1079 4040 clericorum

407 4111 474 4176 Plus
495 4111 586 4174 babet
606 4112 757 4188 lasciviae,
777 4110 869 4172 multo
890 4110 955 4190 plus
977 4111 1118 4170 iecorum.
