3060 5220
535 662 720 715 cenimin-

245 878 313 941 lstis
335 877 437 939 verbis
458 876 594 939 dominus
616 875 704 941 [anile
725 876 866 938 seductus

183 1010 230 1072 Ad
252 1009 282 1072 id
304 1015 360 1087 est,
383 1008 463 1109 qaod
484 1015 583 1071 tamen
604 1012 677 1089 vult,
698 1010 807 1073 ieviter
827 1008 974 1087 inductus,

311 1142 318 1156 ⁶
379 1216 383 1223 Ι
416 1136 438 1147 '‘
541 1143 707 1222 sapientum
728 1141 845 1220 ductus,
1000 1176 1045 1267 ῃ

185 1272 278 1335 Cedet
300 1279 329 1334 et
350 1232 514 1371 respondet
535 1273 593 1352 his,
612 1278 701 1355 prout
723 1279 754 1334 et
775 1273 945 1336 instructus.

245 1584 322 1669 Ego,
344 1587 450 1666 inquit,
471 1587 591 1667 saepius
613 1585 682 1647 inde
704 1586 845 1669 cogitavi,

184 1716 266 1778 Talia
288 1718 339 1796 qui
360 1722 496 1799 agerent,
518 1718 624 1798 impios
645 1719 757 1799 putavi,

184 1847 278 1910 Huius
299 1849 391 1910 maris
411 1847 526 1910 rabiem
549 1850 670 1930 saepius
692 1851 811 1931 expavi,
1100 1926 1105 1933 .

185 1979 244 2043 Sed
265 1982 323 2042 iam
344 1998 423 2043 nunc
444 1982 581 2043 securius
603 1981 680 2042 dabo
701 1979 769 2043 vela
790 1982 868 2043 navi.
1094 1938 1112 1975 ὗ

245 2294 333 2374 Volo,
352 2297 431 2358 sicut
451 2297 559 2357 iustum
582 2300 638 2372 est,
658 2292 725 2356 iilos
747 2294 866 2370 imitari,

184 2425 404 2508 scripturarum
426 2427 476 2507 qui
497 2444 557 2488 non
578 2431 646 2488 sunt
666 2442 723 2486 nec
743 2425 817 2487 iuris
838 2425 948 2507 ignari,

184 2559 241 2621 Per
261 2577 337 2640 quos
358 2576 458 2622 mores
480 2559 609 2621 omnium
630 2556 741 2619 debent
761 2555 925 2634 informari,

184 2688 295 2754 Doctas
317 2691 398 2752 viros
420 2690 537 2752 imitans
558 2708 617 2753 non
639 2690 729 2753 debet
751 2689 874 2773 culpari.

245 3001 338 3080 Dixit,
359 3004 461 3082 etqui
482 3003 576 3084 potuit
596 3002 680 3084 plura
702 3021 860 3067 numerare

184 3133 296 3217 Populo
318 3133 498 3216 praeficitur,
520 3136 570 3214 qui
591 3132 663 3195 nihil
684 3133 748 3194 vult
769 3133 854 3211 dare,

185 3263 229 3328 lili
250 3264 348 3328 nullus
370 3267 483 3329 animas
506 3265 596 3329 audet
616 3265 834 3344 commendare,

186 3395 242 3472 Qui
265 3397 325 3474 dat,
347 3404 395 3460 est
415 3398 542 3461 idoneus
565 3404 595 3459 et
616 3398 713 3461 iamaa
734 3398 916 3481 praeclarae.

151 3721 153 3725 ‘
247 3711 405 3774 Christiani
426 3709 528 3791 populi
547 3712 666 3792 respice
687 3718 834 3791 pastores,

186 3841 246 3904 Aut
266 3844 364 3921 minis,
385 3848 436 3904 aut
455 3843 552 3923 pretio
575 3840 646 3905 iacti
667 3851 736 3906 sunt
755 3851 903 3922 rectores,

186 3974 241 4036 Vel
263 3977 421 4057 propinqui
442 3993 569 4059 genere,
589 3974 638 4038 vel
659 3975 838 4054 nobiliores3

186 4107 281 4181 Quem
301 4111 450 4190 promovit
469 4109 622 4188 sanctitas,
643 4115 693 4170 aut
713 4108 831 4172 honesti
853 4107 975 4173 mores?
