3060 5220
547 657 724 709 CAllllllNA.

256 869 358 931 Rebus
379 871 409 930 in
431 871 611 932 contrarium
631 873 752 934 nimium
773 873 890 934 mutatis

196 1003 337 1076 Quisnam
358 1002 432 1064 llere
453 1004 562 1083 poterit
582 1003 632 1064 vel
653 1000 757 1065 dolere
778 1004 873 1065 sarisa

195 1135 251 1198 Ubi
273 1142 361 1216 caput
381 1135 484 1197 debuit
505 1152 573 1196 esse
594 1137 767 1212 sanctitatis,

194 1266 238 1328 lbi
259 1266 326 1330 fons
349 1274 380 1328 et
400 1267 528 1329 studium
549 1269 644 1330 omnis
665 1269 811 1330 vanitatis.

256 1578 351 1642 Omne
372 1598 468 1663 genus
489 1580 638 1643 hominum
659 1579 745 1642 sudat
765 1581 796 1640 in
816 1578 978 1656 laboribus,

194 1710 252 1772 Per
273 1728 348 1791 quos
370 1712 541 1773 necessaria
562 1717 707 1791 quaerant
727 1712 789 1774 suis
811 1710 961 1786 domibus;

195 1843 311 1922 Clerici,
332 1845 383 1924 qui
403 1843 526 1906 affluunt
547 1846 638 1908 variis
659 1845 815 1923 reditibus,

194 1975 278 2038 Unde
298 1993 371 2038 suos
393 1984 538 2058 occupant
558 1995 664 2039 servos
686 1979 743 2040 nisi
764 1977 900 2040 lusibus?

253 2286 291 2350 Et
311 2288 431 2351 labores
453 2287 503 2351 alii
525 2291 673 2351 sustinent
693 2297 723 2351 et
743 2308 879 2371 poenam,

192 2420 253 2499 lsti,
274 2424 382 2502 quibus
404 2424 489 2504 copia
510 2423 559 2485 dat
579 2440 746 2485 mensuram
767 2422 894 2504 plenam,

192 2554 269 2635 Apta
289 2553 355 2618 loca
376 2555 501 2633 lusibus,
522 2556 634 2618 curiam
655 2573 818 2633 amoenam,

194 2686 308 2748 Ludunt
328 2693 359 2747 et
378 2693 446 2767 pust
465 2687 629 2768 prandium,
649 2687 752 2750 ludunt
773 2696 803 2750 et
823 2695 890 2769 post
911 2707 1044 2752 coenam.
1154 2695 1157 2706 “

253 2996 433 3059 lllanducare
453 2997 580 3078 populus
602 2997 679 3059 sedit
700 3006 788 3078 atque
809 2998 925 3075 bibere,

191 3129 349 3210 Postquam
370 3131 468 3192 satiati
489 3137 566 3207 sunt,
587 3136 783 3191 surrexerunt
803 3128 917 3209 ludere,

191 3260 229 3324 lli
250 3263 384 3342 quamvis
404 3263 435 3323 in
455 3263 539 3325 vituli
560 3280 621 3324 non
642 3260 799 3324 ostendant
819 3279 922 3341 opere,

191 3394 257 3458 Non
278 3394 399 3457 multum
421 3395 580 3458 dissimiles
602 3402 670 3457 sunt
691 3395 749 3457 illis
771 3396 802 3457 in
824 3394 949 3457 scelere.

252 3706 292 3768 At
311 3714 396 3787 pater
416 3706 542 3768 familias
564 3706 659 3768 laetus
681 3707 794 3787 absque
815 3709 909 3789 rugis,

191 3837 251 3898 lam
272 3837 345 3900 liniti
366 3846 502 3901 metuens
523 3845 639 3918 tempus
660 3836 720 3899 ludi
741 3839 831 3919 iugis,

191 3969 250 4046 Ait,
270 3988 290 4033 o
311 3969 357 4032 sol
378 3971 487 4048 invide,
508 3976 640 4031 curtam
662 3970 721 4031 cito
743 3968 844 4051 fugis?

192 4100 252 4163 Cur
272 4120 326 4164 nos
348 4120 417 4165 esse
438 4102 580 4184 probibes
603 4100 739 4163 dulcibus
760 4104 790 4163 in
811 4102 921 4184 nugis?
