3060 5220
338 672 383 724 xn
639 657 642 662 ’
765 669 991 723 PRAEFnTlo.

438 871 536 957 Quod
557 871 708 963 quamvis
726 872 770 940 ita
788 872 841 959 sit,
867 870 1042 964 probabile
1059 882 1167 941 tamen
1190 871 1268 942 mihi
1284 872 1418 943 videtur

338 1020 477 1111 belgam
501 1019 606 1090 luisse
625 1017 853 1119 Gillebertum,
879 1029 933 1088 aut
959 1020 1076 1091 saltem
1097 1023 1130 1090 in
1146 1019 1267 1111 Belgio
1289 1023 1420 1092 vixisse

340 1178 373 1237 et
420 1169 609 1262 scripsisse.
681 1167 818 1237 Plurimi
865 1170 952 1237 enim
997 1168 1084 1240 illius
1131 1170 1247 1240 aetatis
1292 1169 1420 1261 Belgae

339 1317 455 1389 litteris
482 1316 683 1406 claruerunt,
718 1338 858 1408 quorum
891 1320 1014 1410 scripta
1046 1317 1209 1410 permulta
1234 1320 1267 1387 in
1291 1320 1421 1389 instru-

341 1467 496 1537 ctissimis
531 1464 626 1537 huius
660 1474 772 1535 terrae
811 1462 1021 1536 bibliothecis
1060 1474 1237 1536 servantur
1274 1465 1421 1536 nondum

341 1614 440 1704 edita,
467 1613 529 1685 sed
555 1590 704 1706 quaein
733 1613 844 1683 lucem
872 1611 1086 1706 proferantur
1110 1635 1231 1704 magna
1256 1636 1301 1683 ex
1326 1624 1421 1711 parte

341 1762 546 1853 dignissima.
598 1761 667 1831 lam
705 1765 803 1831 etiam
840 1760 953 1833 codex
989 1765 1075 1857 ipse,
1113 1785 1133 1832 e
1171 1785 1236 1856 quo
1275 1765 1421 1833 manauit

341 1910 444 1981 editio
462 1920 590 1999 nostra,
609 1909 776 2001 belgicam
792 1910 969 1982 manifesto
987 1911 1100 2004 prodit
1117 1913 1293 2002 originem,
1311 1933 1421 2004 neque

341 2060 517 2155 quidquam
539 2059 660 2150 obstat,
687 2063 861 2152 quineum
882 2063 955 2156 ipsa
976 2063 1122 2131 auctoris
1144 2082 1241 2129 manu
1263 2062 1421 2154 scriptum

342 2212 582 2282 existimemus.
642 2208 822 2280 Praeterea
858 2211 893 2280 in
934 2209 1067 2300 Belgio,
1106 2207 1195 2300 quod
1232 2209 1421 2302 proximum

341 2368 477 2453 praeter
501 2358 659 2449 Angliam
685 2368 718 2428 et
744 2370 965 2453 opportunum
991 2360 1108 2449 egenis
1128 2353 1284 2429 'scoticae
1310 2359 1421 2448 gentis

340 2505 530 2600 perfugium
555 2506 753 2600 praebebat,
787 2507 882 2600 plura
911 2515 1005 2576 erant
1034 2508 1179 2577 instituta
1210 2505 1421 2576 Scotorum

340 2657 556 2745 monasteria,
583 2677 625 2726 eo
650 2659 795 2726 maxime
821 2655 976 2745 consilio,
1001 2664 1036 2724 ut
1061 2675 1247 2745 egenorum
1265 2663 1298 2723 et
1315 2676 1421 2748 pere-

342 2806 530 2896 grinorum,
556 2814 589 2874 et
616 2805 650 2874 in
675 2803 727 2877 his
752 2803 948 2894 Scotorum,
972 2798 1228 2874 necessitatibus
1253 2801 1421 2896 provide-

340 2963 442 3024 retur.
481 2951 638 3042 Magnam
661 2962 754 3022 certe
779 2974 965 3045 egenorum
982 2951 1163 3023 Scotorum
1183 2950 1421 3022 multitudinem

340 3101 452 3172 medio
485 3123 590 3190 aevo,
624 3099 789 3171 bellorum
818 3104 963 3173 maxime
996 3124 1170 3174 sacrorum
1203 3098 1420 3195 temporibus,

340 3252 534 3344 pervarias
557 3251 715 3345 Europae
736 3261 847 3345 partes
870 3262 1023 3342 vagatum
1047 3272 1126 3323 esse
1150 3258 1281 3321 constat
1302 3253 1421 3343 stipem

342 3403 568 3492 quaerentium
589 3410 623 3470 et
643 3400 887 3495 opulentiorum
909 3422 992 3492 erga
1012 3421 1179 3495 pauperes
1200 3396 1421 3469 munificentia

340 3552 443 3620 vitam
469 3550 731 3621 sustentantium

439 3693 575 3785 lnsigne
595 3660 914 3766 eiusmodi'³instituti
936 3695 1137 3789 exemplum,
1160 3718 1180 3765 a
1196 3695 1327 3766 Bockio
1344 3695 1421 3766 mihi

342 3841 589 3937 suppediatmn,
625 3844 658 3912 in
691 3841 818 3915 Moram
853 3844 943 3938 dipl.
978 3843 1083 3936 belg.
1118 3843 1155 3914 L.
1190 3844 1251 3935 ll.,
1290 3868 1319 3915 c.
1355 3845 1419 3932 24,

344 3993 454 4085 (opp.
483 3992 522 4061 T.
548 3991 587 4081 l.,
612 4014 645 4086 p.
673 3992 779 4083 225)
806 3995 966 4084 occurrit,
993 3992 1050 4063 nbi
1078 3996 1110 4063 in
1137 3993 1328 4089 diplomate,
1355 4015 1420 4085 quo

341 4139 634 4212 Walciodorcnsis
655 4140 950 4212 Benedictinorum
974 4140 1105 4213 abbatia
1131 4142 1173 4213 ad
1198 4142 1330 4215 Mosam
1354 4142 1421 4213 llu-
