3060 5220
710 634 934 688 GlLLEBERTi

433 848 527 914 Nimis
548 851 598 913 diu
620 850 760 929 blateras,
781 855 983 934 appropinqua
1005 860 1112 931 metae,

371 981 513 1054 Quamvis
534 989 566 1044 tu
587 981 754 1046 furentibus
776 984 871 1048 dicas:
893 985 948 1048 Hic
968 986 1080 1063 timete,

372 1115 428 1178 Hic
446 1123 496 1225 est
516 1117 732 1198 praecipitium,
753 1117 802 1180 hie
822 1116 915 1196 iussa,
937 1088 1092 1227 οξνσμῐ’·ἶ,

435 1204 447 1225 -·
1081 1210 1098 1237 rr

372 1228 451 1310 'l'uo's
473 1254 616 1330 spernent
637 1251 765 1311 monitus
786 1268 844 1312 nec
864 1220 1022 1323 attrabata?
1050 1244 1071 1313 'e
1089 1254 1130 1312 te.

434 1563 584 1644 Quidquid
605 1565 697 1642 dicas,
719 1565 816 1627 debeo
838 1564 953 1647 eulpam
975 1564 1146 1642 formidare,

372 1693 446 1756 Nam
467 1697 613 1777 scriptura
635 1696 754 1759 timidos
776 1693 854 1759 solet
875 1693 1042 1772 inerepare,

373 1827 484 1889 Dicens
506 1844 597 1888 canes
620 1828 692 1888 muti
714 1835 792 1905 sunt,
813 1844 872 1888 non
893 1824 1003 1888 audent
1023 1824 1143 1903 latrare,

373 1958 482 2022 Nolunt
503 1978 558 2022 sua
579 1961 699 2042 propria
720 1959 822 2021 secula
843 1966 1020 2021 monstrare.

435 2273 516 2357 Ergo
538 2292 642 2336 rursus
664 2280 768 2355 repeto
790 2273 926 2336 lacrimas
948 2278 979 2334 et
999 2272 1156 2354 planctum,

373 2406 480 2485 Doleo,
501 2406 570 2470 dum
592 2407 682 2470 video
704 2406 796 2490 Syun,
817 2412 947 2468 montem
968 2411 1113 2483 sanetum,

372 2539 494 2601 Plenum
515 2539 717 2618 immunditiis,
738 2539 818 2620 quod
838 2556 915 2623 gens
937 2537 1144 2600 Garamantum

373 2671 416 2735 ibi
438 2677 556 2754 regnat,
576 2673 681 2734 metuit
702 2672 787 2754 culpa
808 2670 1035 2755 grrhemantum.

436 2987 548 3048 Verum
570 2992 601 3048 et
623 2985 781 3051 dolendum
803 2993 850 3050 est
872 2989 961 3049 etiam
982 2987 1020 3049 ad
1040 2985 1179 3065 litteram,

374 3121 461 3195 Quod
482 3139 567 3184 muns
591 3120 672 3204 Syon
693 3123 803 3203 patitur
824 3121 854 3181 in
875 3138 910 3181 se
931 3127 1053 3203 gentem
1076 3119 1208 3195 ederam,

376 3253 426 3317 Sic
447 3261 477 3316 et
497 3253 547 3317 hic
569 3253 708 3331 eeclesia,
729 3253 860 3316 clamans
882 3268 953 3314 sese
975 3253 1125 3328 miseram,

374 3382 483 3463 dierat,
505 3386 574 3465 quia
594 3383 720 3467 plurima
741 3385 824 3447 videt
846 3386 896 3467 agi
917 3403 1083 3466 perperam.

437 3699 537 3762 Plorat
557 3699 612 3762 hos
634 3702 804 3782 praecipue,
826 3718 902 3780 quos
924 3702 1020 3782 magis
1042 3699 1160 3775 amavit,

376 3830 459 3904 Quos
481 3833 587 3915 gregis
609 3831 750 3894 dominici
771 3831 863 3894 duces
885 3830 1042 3907 ordinavit,

376 3962 414 4024 Et
435 3982 511 4043 quus
533 3982 624 4046 super
645 3963 720 4027 alios
741 3967 838 4050 magis
860 3963 1012 4042 exaltavit,

377 4094 595 4178 {impugnare
617 4104 720 4160 contra
742 4116 776 4160 se
798 4098 849 4160 diu
869 4095 1043 4178 deploravit.
1108 4079 1110 4083 ’
