3060 5220
628 647 808 699 GAllllllllA.

339 859 487 940 Quidquid
509 863 569 923 scis
591 863 621 922 in
642 860 741 941 aliquo
764 861 821 922 deo
843 860 1012 941 displicere,

278 992 351 1054 lllud
373 992 468 1054 modis
491 993 628 1054 omnibus
650 991 772 1054 studeas
794 1012 913 1070 cavere,

278 1124 418 1197 Quamvis
440 1123 516 1185 mala
539 1124 645 1186 malum
667 1127 706 1186 sit
727 1142 818 1205 opera
842 1124 955 1200 videre,

278 1257 321 1317 Tu
343 1265 440 1318 tamen
463 1259 506 1318 sic
528 1257 631 1319 videas
652 1275 691 1317 ue
713 1258 827 1337 possint
848 1275 968 1319 nocere.

340 1568 409 1629 lllali
431 1586 530 1629 mores
552 1575 743 1649 perstrepunt
766 1575 796 1629 et
817 1570 896 1630 intus
920 1575 950 1629 et
971 1567 1054 1644 loris,

278 1699 341 1762 Nec
362 1702 511 1781 corrumpi
532 1702 606 1762 visis
628 1706 675 1761 est
696 1702 815 1761 maximi
838 1700 960 1777 laboris,

279 1831 338 1893 Sed
360 1833 410 1912 qui
432 1850 530 1894 mores
552 1833 678 1915 corrigit
700 1831 838 1913 exemplo
859 1834 981 1914 peioris,

279 1965 382 2026 Manus
403 1964 452 2026 hic
473 1966 503 2025 in
525 1965 672 2047 sauguine
693 1963 772 2024 lavat
793 1966 969 2044 peccatoris.

340 2277 403 2339 Nec
424 2280 529 2340 nociva
551 2279 703 2360 quaelibet
723 2278 831 2342 sufficit
852 2281 958 2355 vitare,

279 2408 350 2469 Cum
372 2409 479 2482 malurn
501 2412 654 2489 vitaveris,
675 2413 783 2474 bonurn
805 2431 943 2494 operare,

279 2541 398 2623 Pigrurn
421 2549 452 2603 et
472 2543 607 2605 inutilem
629 2546 695 2624 quis
718 2551 816 2625 potest
837 2563 937 2606 amare

279 2671 414 2751 Servum,
436 2678 571 2754 quamvis
593 2676 741 2740 dominum
763 2677 836 2740 nolit
858 2677 1059 2740 defraudare?

341 2986 397 3059 Qui
419 2989 606 3050 commissam
628 2989 686 3050 sibi
707 3007 803 3050 urnam
825 3008 885 3051 non
907 2989 1120 3071 multiplicavit,

280 3119 364 3181 Hunc
386 3122 432 3182 sui
454 3122 602 3182 sententia
624 3121 734 3182 domini
756 3119 914 3197 damnavit,

280 3252 358 3314 Nihil
380 3252 422 3314 illi
444 3252 564 3333 profuit,
586 3253 665 3333 quod
687 3271 752 3315 earu
773 3255 915 3329 servavit,
1001 3229 1003 3235 ’

280 3382 404 3463 Propter
425 3384 481 3445 hoc
503 3384 656 3446 damnatus
679 3391 734 3462 cst,
755 3385 836 3465 quod
857 3404 916 3447 non
938 3384 1096 3465 ampliavit.

342 3695 375 3759 Si
396 3702 545 3758 mercator
566 3697 680 3757 caverit
699 3713 790 3777 rupes
812 3703 842 3756 et
863 3698 987 3777 piratas,

281 3828 421 3901 Quamvis
444 3847 503 3890 nou
524 3827 653 3890 doluerit
674 3845 790 3890 merces
812 3829 982 3905 minoratas,

282 3960 313 4022 Si
335 3962 406 4023 nihil
427 3964 591 4042 portaverit
613 3963 670 4024 nisi
690 3980 740 4023 res
762 3969 904 4043 portatas,

282 4095 379 4157 Nosse
400 4113 459 4157 uon
480 4095 649 4158 laudabitur
671 4095 734 4156 vias
755 4096 845 4156 maris
867 4093 949 4155 latas.
