3060 5220
560 664 738 717 aramma.
840 714 847 733 ,

275 878 417 955 Perdidit,
441 877 520 957 quod
542 879 678 959 primitus
700 877 783 940 dedit
803 877 962 950 fundatori,

214 1012 300 1085 Quod
322 1011 512 1087 consiliariis
534 1010 614 1090 quod
634 1009 828 1090 prolocutori,

215 1146 326 1207 Tamen
346 1147 392 1206 sie
414 1151 460 1205 est
481 1145 611 1206 omnium
633 1141 751 1204 deditus
773 1144 878 1218 amori,

215 1277 308 1350 Quam
330 1295 404 1339 oves
425 1275 597 1355 relinquere
619 1275 714 1356 magis
738 1275 817 1355 cupit
837 1277 922 1337 mori.

276 1586 387 1649 Mavult
408 1586 505 1648 adhuc
526 1587 638 1667 septies
660 1585 697 1647 ad
717 1604 822 1667 papam
843 1604 1013 1664 recurrere,
1063 1554 1066 1565 .

215 1719 326 1780 Mavult
347 1725 377 1780 et
399 1719 435 1780 de
457 1719 571 1781 vertice
593 1720 700 1780 montis
722 1719 801 1780 lovis
822 1736 912 1780 ruere

216 1847 252 1909 Et
273 1851 303 1910 in
323 1851 500 1931 praecipitio
523 1868 592 1911 crus
613 1849 662 1912 vel
684 1849 791 1932 pedem
812 1849 965 1933 frangere,
993 1906 995 1910 a

217 1983 310 2057 Quam
331 1983 453 2045 tutelam
475 1985 575 2046 ovium
597 1983 683 2046 alteri
705 1982 870 2044 demittere.

279 2296 370 2397 lllulta
393 2297 483 2374 dedit,
505 2299 627 2379 cupiens
650 2297 756 2359 ovibus
779 2314 933 2378 praeesse,

219 2429 305 2491 Alter
325 2429 419 2511 plura,
441 2432 509 2509 quia
531 2430 597 2512 plus
618 2432 676 2493 isto
698 2429 761 2491 vult
780 2430 936 2510 prodesse,

220 2562 294 2624 Nam
316 2581 350 2625 se
372 2564 430 2625 nisi
452 2563 591 2625 erederet
611 2562 766 2625 meliorem
788 2579 868 2638 esse,

221 2693 281 2756 Cur
301 2711 361 2756 non
383 2713 457 2756 oves
478 2697 592 2756 sineret
613 2694 699 2757 alteri
721 2694 870 2757 subesse?

282 3009 389 3073 Melius
412 3017 458 3072 est
478 3010 595 3090 Alpium
616 3011 701 3071 nives
723 3017 918 3086 transmeare,

222 3145 330 3206 lterum
353 3145 511 3206 etiterum
532 3142 654 3204 Romam
675 3141 833 3223 repedare,

223 3275 260 3338 Et
281 3276 399 3338 tandem
421 3273 632 3337 lombardicam
652 3273 768 3335 febrem
789 3282 956 3356 reportare,

223 3407 318 3480 Quam
338 3408 489 3488 permittat
510 3405 599 3467 alium
620 3405 734 3469 fruetus
756 3425 955 3490 congregare.

287 3720 364 3794 Quid
385 3720 460 3783 dieis
482 3720 520 3780 de
542 3718 707 3781 fructibus?
728 3720 794 3783 Non
816 3727 862 3782 est
883 3721 952 3783 inde
974 3739 1060 3799 oura3

225 3831 427 3914 Terrenorum
449 3851 596 3914 fructuum
617 3852 736 3914 minima
757 3853 880 3925 iactura,

224 3985 316 4047 Multa
337 3984 469 4068 gaudent
490 4003 617 4066 corpore
638 3987 787 4047 sustinere
809 3986 892 4064 dura,

225 4117 348 4179 Animas
370 4124 402 4178 ut
422 4118 532 4200 gaudia
555 4118 662 4180 ducant
683 4116 720 4179 ad
741 4115 847 4179 futura.
964 4092 967 4099 Ι
