3060 5220
798 681 1022 735 GILLEBERTI

524 897 556 957 in
577 903 608 958 te
629 897 668 958 sit
688 897 845 959 sinceritas
867 903 898 957 et
918 915 1032 960 morum
1053 897 1209 979 perfectio,

460 1029 526 1090 Nun
548 1026 645 1090 fucata
667 1029 819 1106 sanctitas,
839 1029 894 1091 sed
914 1048 988 1092 vera
1008 1030 1132 1114 religi03

460 1160 563 1237 Menti,
584 1161 698 1238 verbis,
719 1161 834 1223 actibus
855 1168 957 1224 sancta
978 1163 1017 1223 sit
1037 1161 1171 1240 intentio,

461 1291 543 1354 Haec
563 1298 734 1354 sanctemm
754 1290 864 1354 faciant
884 1292 1004 1375 dignam
1024 1299 1056 1355 te
1077 1296 1236 1357 consortio.

521 1603 697 1667 Sanctarum
718 1607 901 1668 consortium
922 1607 948 1673 si
969 1607 1016 1668 vis
1036 1608 1212 1686 promereri,

460 1736 540 1798 Cave
561 1735 740 1799 secularium
761 1737 897 1799 coetibus
919 1738 1050 1814 misceri,

460 1868 540 1930 inter
561 1868 629 1931 iilos
649 1869 775 1951 plurima
796 1869 895 1933 soient
915 1873 1066 1948 exerceri,

460 1999 543 2072 Quae
565 2018 625 2064 non
646 1999 760 2063 estias
781 2001 876 2064 neniis
896 2002 1023 2082 virginis
1043 2004 1149 2066 videri.

521 2316 553 2377 ln
574 2315 708 2379 conclavi
729 2314 830 2378 soleas
851 2334 917 2378 cum
938 2317 997 2378 tuis
1018 2317 1137 2393 sedere,

459 2451 526 2514 Nnn
548 2466 706 2513 assuescas
728 2451 849 2531 saepius
868 2449 943 2513 feris
965 2467 1120 2531 apparere,

459 2582 584 2645 Nescias
605 2582 763 2644 iuvenibus
783 2583 858 2644 visis
879 2582 1025 2658 arridere,

459 2715 601 2795 Vanaque
622 2714 770 2795 cnilnquia
792 2732 858 2776 cum
879 2712 938 2776 illis
958 2715 1095 2775 miscere.

522 3027 558 3090 Ut
579 3036 609 3090 te
630 3047 696 3091 cum
717 3028 875 3090 iuvenibus
896 3029 1075 3090 cachinnare
1095 3027 1175 3101 nain,

459 3161 510 3224 Sic
531 3179 588 3222 nee
608 3159 713 3222 fraude
733 3161 822 3223 tacita
843 3177 1002 3222 susurrare
1025 3158 1105 3236 vein,

460 3293 614 3372 Nunquam
635 3293 701 3356 sein
722 3292 831 3357 sedeas
851 3295 961 3355 iuvene
983 3310 1049 3353 cum
1071 3290 1147 3367 soie,

460 3426 601 3488 iuvenum
622 3426 784 3490 blanditiae
804 3444 863 3487 nen
885 3432 953 3486 sunt
973 3425 1087 3504 absque
1109 3425 1185 3487 ticin

522 3737 635 3815 Timeo,
655 3756 694 3799 ne
715 3738 834 3799 monitis
854 3743 884 3798 te
906 3738 980 3798 meis
1002 3736 1167 3811 molestam,

460 3869 562 3932 Dicam
584 3877 695 3931 tamen:
716 3869 843 3934 iuvenes
864 3869 937 3954 iuge
958 3872 1043 3950 quasi
1063 3877 1189 3952 pestem,

461 4002 533 4063 Cum
554 4000 612 4064 iilis
633 4000 776 4066 adhibeas
797 4021 919 4084 semper
937 4003 992 4066 tibi
1014 4009 1142 4079 testem,

461 4133 584 4211 Caveas,
606 4152 644 4195 ne
664 4134 791 4216 Pylades
813 4137 934 4198 deserat
954 4133 1101 4197 Orestem.
