3060 5220
720 653 944 707 ulttussuarr
998 669 1000 672 ·

443 868 575 930 Nervam
594 887 682 931 arcus
704 871 795 951 igitur
815 869 965 952 paululum
987 873 1144 947 remittam,

382 999 488 1062 Adhuc
508 997 598 1060 habet
619 998 758 1079 pharetra
779 998 936 1079 plurimam
958 1002 1106 1084 sagittam,

382 1129 419 1191 Et
440 1132 498 1193 nisi
519 1131 713 1192 centesimam
734 1132 869 1210 quamvis
891 1149 950 1193 uon
973 1133 1112 1211 emittam,

383 1263 521 1345 Magnum
542 1264 573 1324 in
594 1260 757 1344 periculum
779 1280 827 1324 me
848 1248 993 1371 mepgque
1014 1266 1134 1367 puttam.

445 1574 506 1638 Sed
526 1593 584 1637 nou
606 1575 753 1654 estquod
774 1575 907 1653 timeam,
934 1595 990 1640 nee
1010 1596 1132 1659 possum
1153 1585 1268 1657 tueare,

383 1707 440 1770 Ubi
460 1706 557 1769 nullus
579 1709 668 1770 timor
689 1714 745 1785 est,
766 1724 873 1768 vanum
895 1713 942 1770 est
962 1709 1079 1784 timere,

383 1839 446 1901 Nee
467 1845 569 1900 vetare
589 1841 699 1920 poterit
720 1840 875 1919 quisquam
896 1856 944 1900 me
966 1839 1080 1916 dolere,

383 1971 509 2034 Nimium
532 1979 578 2035 est
598 1972 726 2050 timidus,
748 1974 798 2053 qui
819 1989 880 2034 non
900 1971 990 2034 audet
1011 1971 1094 2033 flere.

446 2284 478 2348 Si
498 2286 613 2347 timoris
635 2287 792 2366 quiequam
813 2291 870 2363 est,
891 2284 1025 2347 claudam
1045 2283 1094 2346 hio
1114 2286 1144 2345 iu
1167 2285 1250 2362 cista,

383 2417 455 2480 Mihi
476 2416 533 2480 soli
554 2399 736 2497 scripserim,
757 2416 840 2480 solus
861 2416 961 2499 tegam
982 2416 1050 2492 ista,

382 2548 446 2611 Sibi
468 2547 524 2610 soli
545 2548 667 2628 saepius
688 2549 767 2609 canit
788 2532 960 2630 cytharista,

383 2677 419 2741 Et
440 2678 522 2742 solus
544 2678 717 2763 psalterium
738 2644 868 2743 rumiuat
887 2678 1048 2761 psalmista.

444 2993 512 3078 Ege
532 2993 632 3056 {leudo
654 2993 753 3072 doleo,
773 2993 854 3074 quod
874 3011 931 3055 rex
951 2988 1135 3075 Babyloniae

384 3124 560 3188 Sedechiam
581 3124 675 3188 oculis
697 3122 836 3207 spoliavit
855 3125 956 3203 hodie,

384 3256 479 3331 Quem
500 3256 585 3321 dabis
607 3276 647 3320 ex
668 3257 804 3320 omnibus
824 3258 967 3341 praelatis
989 3257 1149 3336 ecclesiae,

370 3354 479 3466 *rm
499 3407 559 3451 nun
580 3388 792 3452 obcaecaverit
810 3389 862 3452 ille
882 3408 939 3454 rex
959 3391 1128 3472 superbiae.

446 3702 645 3765 Nabuzardau
665 3703 789 3766 rnilitum
809 3705 949 3787 princeps
971 3711 1001 3766 et
1022 3722 1185 3784 eoquorum

384 3836 482 3898 Diruit
501 3834 663 3898 lemrsalem
684 3842 715 3898 et
736 3854 822 3898 arces
844 3854 1006 3914 murorum,

384 3966 480 4030 Nimia
501 3968 685 4048 perversitus
706 3985 865 4055 pravorum
886 3974 1040 4031 raetorum

384 4099 518 4161 Destruit
539 4098 697 4164 ecelesiam
719 4101 791 4183 igne
812 4101 959 4162 vitiorum.
