3060 5220
778 655 1002 708 GlLLEBEllTl

503 869 587 931 Nune
608 869 729 932 festinat
749 868 858 931 Balaan
880 876 983 931 eontra
1005 869 1093 930 deum
1114 872 1169 948 ire,

443 1001 509 1061 N0n
530 1002 661 1062 occurrit
682 1000 808 1083 angelus
830 1000 911 1062 illum
932 1002 1086 1082 impedire,

443 1132 547 1209 Asina,
569 1151 657 1213 quam
679 1131 807 1195 fustibus
829 1151 888 1194 n0n
911 1141 1010 1196 cessat
1031 1133 1134 1211 lenire,

445 1263 521 1325 Olim
543 1264 618 1325 dixit
639 1264 759 1344 aliquid,
781 1283 858 1326 nune
879 1267 962 1327 timet
982 1268 1098 1327 mutire.

506 1577 693 1639 Maledictum
714 1577 802 1640 lasue
823 1578 928 1640 volens
951 1581 1109 1659 exstirpari

447 1710 571 1771 Gentem
592 1717 674 1773 vetat
694 1710 811 1773 lerieho
833 1711 1030 1789 reaedificari,

447 1842 530 1904 Hauc
550 1860 567 1904 a
589 1842 688 1904 multis
709 1843 799 1904 hodie
820 1843 931 1926 plango
952 1846 1103 1921 renovari,

446 1974 503 2047 Qui
525 1993 584 2037 nan
605 1978 710 2038 timent
730 1977 851 2059 gemina
872 1977 957 2058 prole
979 1977 1109 2059 spoliari.

512 2291 621 2353 Urbem
643 2292 709 2374 Hay
730 2292 857 2373 pupulus
879 2311 988 2373 capere
1009 2299 1129 2373 paratus

449 2424 537 2507 Fugit
559 2431 589 2485 et
611 2424 744 2486 devictus
767 2431 815 2486 est
835 2431 866 2485 et
887 2424 965 2487 cadit
986 2431 1161 2505 prostratus,

329 2585 332 2591 ’
450 2557 580 2619 Auream
602 2576 669 2619 nam
690 2557 826 2639 regulam
847 2564 1023 2638 vestemque
1044 2557 1158 2621 lutatus

451 2688 552 2750 Achar
573 2689 670 2752 adhue
691 2688 786 2750 latitat
807 2689 936 2751 nandum
957 2689 1112 2771 lapidatus.

514 3002 607 3065 lsrael
628 3002 745 3065 allofilis
766 3005 870 3079 servit,
891 3003 964 3065 velit
984 3004 1066 3080 nolit,

453 3136 556 3198 Victus
579 3136 652 3197 deus
675 3138 781 3197 iterum
803 3135 917 3197 alienus
939 3135 1019 3212 colit,

454 3268 561 3330 Dolum
583 3272 661 3331 enim
682 3268 778 3331 Dalila
800 3267 917 3330 blandis
938 3267 1039 3329 verbis
1061 3266 1143 3348 polit,

327 3486 341 3497 η
453 3399 490 3460 Et
511 3400 653 3463 defensor
673 3400 774 3482 papuli
795 3401 862 3461 visu
883 3418 989 3461 carens
1011 3399 1101 3462 malit.

516 3713 673 3776 Dominum
695 3711 865 3774 multotiens
888 3712 937 3773 illa
959 3731 1035 3795 gens
1057 3712 1189 3789 offendit,

456 3826 567 3907 Tamen
588 3863 707 3926 semper
729 3845 835 3925 aliquis
856 3843 921 3922 luit,
942 3847 992 3925 qui
1010 3844 1152 3920 ostendit,

456 3977 611 4039 Redeundi
633 3979 780 4038 tramitem
802 3978 869 4057 quis
891 3976 979 4038 moda
1001 3974 1153 4037 defendit?

457 4109 661 4171 Proximorum
683 4108 764 4170 lucra
786 4126 864 4170 nune
886 4109 952 4188 quis
974 4108 1036 4168 suis
1057 4107 1227 4186 protendit?
