3060 5220
629 651 807 703 canutus.

340 868 397 940 Qui
418 867 550 950 linguam
572 869 601 927 in
624 866 741 929 nobiles
763 867 856 928 habes
878 873 937 927 tam
959 866 1115 940 intensam,

280 987 391 1063 Horum
412 1001 466 1062 tibi
488 1002 594 1061 merito
616 1018 746 1082 generas
768 998 926 1075 ollensam3

280 1132 427 1195 Modicam
448 1132 587 1194 nobilitas
609 1149 669 1194 non
690 1133 807 1212 quaerit
829 1149 1003 1212 expensam,

281 1264 333 1327 Vis
355 1272 387 1326 ut
407 1264 489 1326 solus
511 1265 617 1326 sedeat
636 1264 745 1326 nobilis
767 1262 804 1324 ad
824 1264 978 1324 mensam?

1125 1498 1152 1549 ,ἵ

343 1574 469 1637 Solvere
490 1577 672 1656 propositam
693 1574 799 1636 volens
821 1576 1035 1654 quaestionem,

282 1707 390 1784 Credo,
411 1706 483 1768 nihil
503 1705 653 1788 proferam
676 1713 779 1767 contra
800 1707 957 1781 rationem,
1065 1789 1070 1797 .

282 1839 346 1902 Nec
366 1841 411 1901 sic
432 1840 508 1900 recti
529 1838 614 1900 datus
636 1856 702 1899 sum
722 1839 753 1899 in
775 1837 965 1914 oblivionem,

190 1968 198 2069 ρ’
283 1967 426 2051 Pauperis
449 1978 481 2031 ut
502 1969 593 2033 nobili
616 1969 684 2030 dem
706 1970 915 2032 conditionem.

346 2284 407 2346 Res
429 2303 551 2347 suorum
572 2283 681 2346 nobilis
703 2282 812 2344 habeat
833 2300 966 2358 avorum,

285 2418 409 2480 Praedia
431 2418 584 2499 possideat
604 2424 720 2499 patrum
742 2410 940 2496 antiquorum,

285 2549 441 2612 Avitorum
464 2549 587 2632 colligat
607 2548 721 2611 fructus
743 2547 943 2629 praediorum,

287 2681 378 2743 Dives
401 2683 440 2743 sit
460 2681 606 2743 reditibus
627 2682 881 2763 patrimoniorum.

349 2990 386 3053 Et
407 3010 474 3054 cum
494 3009 603 3053 nomen
626 2993 766 3072 pauperis
787 2990 879 3071 pudet
899 2990 978 3051 hunc
998 2989 1121 3066 habere,

287 3123 354 3185 Non
376 3141 444 3184 eum
465 3141 516 3184 res
537 3140 700 3204 pauperum
722 3122 811 3183 dccet
831 3120 1003 3203 possidere3

289 3255 388 3328 Quare
410 3254 473 3316 vult
493 3257 524 3317 in
546 3273 670 3316 numero
692 3270 856 3336 pauperum
877 3250 996 3328 sedere,

290 3386 362 3448 Cum
383 3385 458 3448 nolit
480 3393 509 3447 et
531 3386 627 3468 fugiat
647 3404 762 3467 pauper
783 3385 951 3467 apparere?
1037 3415 1040 3422 ·

352 3702 516 3783 Pauperum
539 3706 607 3762 sunt
628 3701 730 3779 utiquc
752 3717 802 3760 res
825 3698 1030 3775 ecclesiarum,

291 3835 386 3896 [tatae
407 3840 485 3911 sunt,
506 3839 538 3893 ut
559 3830 671 3893 diluant
692 3828 793 3912 culpas
815 3833 988 3908 animarum,

291 3968 436 4044 Uenetae,
457 3968 505 4028 cui
526 3982 623 4047 genus
646 3968 692 4023 est
712 3980 891 4043 proavorum
913 3961 1034 4038 clarum,

292 4099 457 4181 Pauperum
481 4100 520 4159 sit
539 4097 688 4179 particeps
711 4094 963 4157 elemosinarum?

1064 4211 1081 4260 4
