3060 5220
349 660 405 712 xlv
771 661 1003 713 PRAEFATIO.

345 858 508 930 lelrertum
558 871 591 930 et
641 863 674 931 in
721 861 841 953 Belgio
892 863 1071 957 scripsisse
1118 883 1159 932 eo
1208 866 1352 935 maxime
1398 864 1434 935 lit

348 1009 540 1103 probabile,
581 1011 669 1104 quod
707 1020 773 1081 tam
811 1014 933 1082 acriter
967 1022 1084 1084 contra
1124 1015 1285 1086 simoniae
1321 1013 1432 1084 lahem

347 1167 484 1252 pugnat,
512 1180 609 1250 quam
634 1157 680 1228 ihi
705 1167 774 1228 tum
798 1161 960 1253 temporis
985 1180 1068 1253 prae
1094 1157 1167 1229 aliis
1193 1159 1292 1227 terris
1318 1157 1432 1251 pullu-

346 1304 436 1376 lasse
470 1312 612 1376 constat.
680 1304 782 1376 Anno
818 1306 983 1399 siquidem
1015 1318 1241 1381 MGLXXXVlll
1280 1306 1313 1373 in
1347 1305 1431 1377 solis

346 1453 464 1524 Leodii
491 1454 642 1528 confiniis
665 1457 842 1547 sexaginta
864 1477 928 1528 sex
944 1469 1101 1552 repertae
1118 1470 1193 1532 sunt
1211 1457 1432 1529 ecclesiastici

346 1603 472 1674 ordinis
497 1624 680 1695 personae,
714 1625 799 1696 quae
829 1603 1040 1697 praebendas
1069 1624 1147 1675 suas
1177 1626 1217 1674 ac
1252 1605 1429 1696 dignitates

344 1753 449 1822 vetito
475 1749 578 1821 modo
604 1757 702 1842 atque
727 1749 840 1820 illicite
865 1760 959 1820 erant
984 1759 1197 1822 consecutae.
1251 1755 1428 1845 (ildonea,

343 1898 613 1990 Hohenstaulem
643 1900 719 2009 Vl,
745 1924 777 1996 p.
808 1900 910 1991 194.)
961 1898 1124 1992 Reliquos
1159 1902 1257 1970 etiam
1291 1900 1427 1991 abusus⁷

343 2070 428 2143 quos
446 2047 547 2120 dellet
560 2048 774 2141 Gillebertus
793 2058 826 2120 et
843 2053 898 2142 qui
913 2052 959 2143 pii
976 2060 1099 2145 poetae
1116 2050 1216 2121 bilem
1233 2049 1426 2142 movebant,

342 2201 375 2269 in
408 2198 528 2290 Belgio
562 2201 714 2290 viguisse
748 2200 827 2269 inde
860 2197 960 2270 facile
986 2197 1144 2288 efficitur,
1178 2198 1268 2291 quod
1303 2198 1425 2268 eodem

342 2347 417 2420 lere
443 2359 596 2444 tempore
622 2351 713 2419 circa
738 2347 898 2419 Leodimn
920 2348 1033 2443 plures
1060 2356 1154 2417 erant
1181 2348 1345 2437 canonici,
1371 2348 1427 2439 qui

342 2520 417 2569 cum
443 2498 659 2588 solennitate,
693 2520 777 2591 quae
808 2496 897 2568 solet
927 2499 960 2566 in
987 2497 1203 2567 matrimoniis
1235 2494 1424 2584 observari,

339 2668 468 2719 uxores
488 2647 663 2718 duxerant.
693 2647 864 2740 (Regesta
876 2645 1044 2717 Honorii
1060 2644 1128 2734 lit,
1147 2643 1423 2734 3311111041.)

339 2795 440 2867 Plura
465 2805 660 2886 argumenta
684 2817 753 2866 non
779 2795 921 2867 deerunt
946 2797 998 2885 iis,
1025 2795 1081 2886 qui
1105 2792 1313 2884 belgicarum
1338 2813 1426 2886 pro-

339 2946 523 3016 vinciarum
548 2943 707 3015 historiae
731 2964 785 3013 me
811 2951 886 3016 sunt
910 2944 1100 3036 peritiores.

436 3093 498 3164 Est
520 3101 629 3162 autem
652 3092 765 3162 codex
785 3088 1072 3178 membranaceus,
1091 3087 1173 3159 lolio
1193 3087 1282 3181 quod
1301 3097 1424 3159 vocant

336 3241 479 3329 minore,
506 3239 621 3310 seculo
648 3239 720 3310 ΧΠ.
748 3247 906 3328 exeunte,
932 3246 986 3307 aut
1004 3237 1092 3310 XlIl.
1118 3239 1251 3307 ineunte
1278 3238 1422 3329 scriptus

338 3386 458 3457 eadem
483 3407 598 3475 manu,
630 3385 879 3474 miscellaneuS‚
911 3383 1055 3456 CXLVI.
1084 3384 1173 3458 loliis
1201 3395 1358 3457 constans
1389 3358 1424 3454 et

337 3535 484 3607 numeris
516 3534 726 3606 723-727
756 3534 942 3625 insignitus.
1000 3532 1148 3619 Quaevis
1183 3535 1305 3627 pagina
1339 3534 1421 3604 duas

338 3682 572 3777 complectitur
606 3660 777 3756 columniis
813 3682 1019 3774 elegantibus
1059 3684 1138 3755 satis
1174 3691 1207 3752 et
1240 3681 1421 3752 luculentis

336 3830 519 3901 litterarum
545 3830 662 3903 formis
689 3841 855 3904 exaratas.
906 3831 1052 3903 Primum
1069 3831 1180 3901 locum
1198 3829 1325 3901 obtinet
1341 3828 1421 3900 tti-

335 4000 455 4054 ounrnr
492 3980 736 4055 anvmcsnsrs
774 3979 876 4050 liber
913 3982 951 4050 in
984 3987 1193 4049 tractatum
1227 3978 1418 4063 Levitici3

334 4129 530 4220 secundum,
556 4128 633 4200 inde
658 4153 678 4200 a
704 4129 786 4201 lolio
807 4129 876 4200 115
895 4151 944 4218 1.,
969 4127 1061 4200 Vita
1087 4124 1123 4199 S.
1143 4127 1287 4200 11101111
1311 4124 1420 4196 Can-
