3060 5220
776 592 1000 675 nrnnnnnnrr

507 839 658 919 Quidquid
681 838 749 901 mali
770 841 879 920 patitur
900 846 930 901 et
950 838 1031 902 dolet
1052 839 1191 917 ecclesia,

446 968 576 1047 illorum,
598 972 648 1050 qui
669 970 852 1051 praesident,
873 973 971 1054 surgit
992 971 1029 1033 ab
1051 972 1175 1049 incuria,

447 1101 513 1179 Vel,
535 1103 613 1182 quod
635 1105 732 1186 magis
753 1122 858 1165 verum
880 1110 936 1182 est,
957 1120 1062 1165 eorum
1082 1105 1194 1167 insania

448 1232 589 1294 Triticum
611 1233 790 1295 dominicum
810 1235 900 1295 vertit
921 1235 952 1296 in
972 1237 1097 1298 zizania.

509 1544 657 1623 Numquid
678 1545 743 1612 sani
765 1545 869 1625 capitis
892 1543 974 1606 dices
996 1544 1063 1608 illos
1085 1565 1164 1624 esse,

449 1676 578 1740 Senibus
600 1677 650 1756 qni
671 1693 783 1756 pueros
804 1674 914 1737 faciant
933 1677 1100 1758 praeesse?

448 1808 481 1870 ln
502 1825 561 1888 quo
584 1815 709 1890 possunt
729 1808 814 1889 pueri
835 1808 957 1870 senibus
978 1809 1145 1890 prodesse?

450 1941 507 2014 om
529 1945 573 2005 sic
594 1950 687 2022 arant,
711 1943 809 2005 debita
831 1961 892 2004 uon
913 1941 1057 2004 carebunt
1077 1960 1185 2005 messe.

512 2252 662 2326 Quaenam
680 2256 755 2321 haec
772 2256 975 2337 perversitas?
992 2258 1042 2335 qui
1059 2257 1195 2335 perversi
1211 2255 1333 2319 mores?

451 2384 539 2463 Ecce,
560 2388 644 2466 parvi
665 2389 750 2467 pueri
772 2405 876 2448 senum
897 2395 965 2449 sunt
985 2394 1130 2465 rectores,

451 2516 583 2580 Obedire
604 2520 737 2601 parvulis
759 2520 898 2581 iubentur
917 2522 1056 2598 maiores,

452 2647 533 2711 Ordo
555 2656 602 2713 εει
622 2658 844 2732 praeposterus,
866 2650 970 2714 similis
992 2659 1125 2714 monstro
1146 2651 1212 2714 res!

512 2961 603 3025 lmmo
625 2981 699 3024 vere
721 2970 884 3026 monstrum
905 2970 961 3041 cst,
982 2982 1069 3027 nemo
1091 2982 1180 3029 sanus
1201 2971 1303 3048 neget,

452 3094 572 3178 Regere
594 3113 628 3157 sc
649 3096 788 3158 nesciens
810 3095 926 3158 aliosne
947 3098 1057 3179 reget?

453 3227 558 3301 Qualis
580 3228 638 3289 erit
657 3228 793 3309 populus,
815 3230 865 3308 qui
887 3228 942 3290 sub
964 3228 1014 3290 tali
1036 3229 1147 3312 deget?

452 3359 517 3421 Non
539 3359 668 3423 custodit
689 3358 773 3437 alios,
795 3361 845 3440 qui
867 3360 998 3421 custodis
1020 3362 1104 3442 eget!

510 3673 623 3735 Forsan
644 3673 860 3756 ignoscendum
881 3682 927 3736 εει
948 3677 1036 3736 aetati
1057 3693 1226 3755 parvorum,

454 3804 514 3869 Sed
534 3804 626 3868 adulti
648 3806 775 3890 diligunt
796 3807 959 3869 doctrinam
980 3809 1135 3884 maiorum,

453 3938 516 4000 Nec
536 3941 652 4018 mirum,
674 3941 700 4002 si
721 3942 850 4002 retinent
872 3939 1007 4020 exempla
1029 3957 1160 4015 suorum,

453 4069 592 4133 Naturam
614 4091 673 4134 non
694 4073 807 4135 deserit¹
827 4073 943 4155 lupulus
964 4074 1109 4154 luporum.
