3060 5220
629 666 808 720 cultillum.

339 882 380 944 m
400 890 441 960 tu,
462 882 512 946 dei
532 881 652 960 famula,
671 901 749 963 quae
769 900 829 946 uon
850 884 999 962 corruisti,

278 1014 339 1077 Sed
358 1015 390 1077 iu
411 1014 491 1078 bello
512 1013 630 1078 fortiter
650 1014 747 1078 adhuc
766 1017 933 1097 perstitisti,

278 1146 424 1219 Quoniam
444 1154 475 1209 te
496 1153 658 1231 protegunt
677 1154 858 1211 armamenta
880 1147 998 1227 Christi,

277 1278 387 1342 Levius
409 1281 536 1361 eriperis
557 1280 595 1342 ab
616 1280 673 1343 hac
693 1298 793 1364 pugna
814 1281 900 1344 tristi.

339 1594 460 1657 Cunctis
482 1600 529 1657 est
548 1593 665 1657 facilius
686 1595 763 1657 iutra
783 1611 899 1655 murum
920 1566 1016 1656 stare

277 1725 314 1787 Et
334 1744 375 1788 ex
395 1724 456 1788 alto
476 1725 582 1788 iaculis
603 1724 720 1788 hostem
741 1726 927 1809 propulsare,

277 1858 370 1931 Quam
391 1865 544 1941 receptum
565 1858 697 1920 turribus
718 1859 812 1938 captis
834 1876 1020 1942 expugnare,

276 1990 375 2054 Labor
396 1996 443 2053 est
464 1996 495 2052 et
514 1990 645 2053 taedium
666 1988 760 2052 fracta
782 2007 933 2072 reparare.

338 2299 388 2363 Sic
407 2318 462 2381 per
483 2299 532 2363 dei
553 2302 690 2382 gratiam,
710 2257 799 2382 virgo
819 2298 987 2376 benedicta,

276 2432 361 2495 llunc
381 2433 476 2496 vincis
497 2431 624 2511 facilius,
645 2451 662 2495 a
684 2449 744 2513 quo
764 2449 825 2494 nou
847 2449 881 2494 es
901 2433 989 2510 victa,

275 2563 384 2645 Sponsi
404 2567 446 2628 tui
467 2564 587 2648 legibus
609 2565 649 2627 ita
671 2566 714 2627 sis
735 2565 866 2642 astricta,

275 2695 321 2759 Ne
342 2698 477 2781 gaudere
498 2697 596 2762 valeat
616 2700 712 2762 hostis
734 2699 772 2762 de
793 2705 824 2761 te
844 2699 932 2761 victa.

335 3011 419 3084 Quae
440 3012 586 3075 mundana
606 3012 733 3094 pedibus
754 3012 863 3095 gaudia
884 3012 1016 3090 calcasti,

274 3145 335 3207 lam
357 3145 395 3231 apl
416 3145 519 3209 coelos
540 3144 669 3226 aliquem
689 3144 816 3228 gradum
836 3147 1030 3228 praeparasti,

274 3277 394 3340 Perstes
417 3284 448 3340 et
468 3279 510 3340 sis
531 3276 660 3356 humilis,
681 3279 759 3341 sicut
778 3277 936 3356 inchoasti,

275 3409 489 3472 condemnavit
509 3409 631 3491 perfidis
651 3428 708 3472 rex
728 3408 888 3490 superbam
908 3411 994 3473 vasti.

335 3719 430 3792 Quem
451 3718 503 3782 ille
524 3719 672 3803 siguificat
692 3720 761 3783 huic
782 3721 869 3783 stude
889 3720 1020 3802 placere,

272 3851 310 3914 Et
331 3853 441 3932 muudi,
462 3872 540 3935 quac
561 3855 714 3935 praeterit,
734 3854 862 3937 gloriam
882 3872 942 3918 uon
963 3872 1084 3935 quaere,

272 3985 346 4047 Nam
367 3992 398 4048 tc
420 4004 474 4049 cur
494 3986 624 4070 elegerit
644 3986 789 4066 Christus
810 3987 879 4049 dum
899 3987 1003 4050 videre

272 4116 407 4197 Dederit,
427 4118 556 4183 feliciter
576 4122 690 4202 poteris
712 4121 855 4204 gaudere.
