<?xml version="1.0" encoding="UTF-8"?>
<!DOCTYPE html PUBLIC "-//W3C//DTD XHTML 1.0 Transitional//EN"
    "http://www.w3.org/TR/xhtml1/DTD/xhtml1-transitional.dtd">
<html xmlns="http://www.w3.org/1999/xhtml" xml:lang="en" lang="en">
 <head>
  <title>
</title>
<meta http-equiv="Content-Type" content="text/html;charset=utf-8" />
  <meta name='ocr-system' content='tesseract 3.04.00' />
  <meta name='ocr-capabilities' content='ocr_page ocr_carea ocr_par ocr_line ocrx_word'/>
</head>
<body>
  <div class='ocr_page' id='page_1' title='image "./gilleberticarmi00gilbgoog_0034.png"; bbox 0 0 3060 5220; ppageno 0'>
   <div class='ocr_carea' id='block_1_1' title="bbox 623 658 802 711">
    <p class='ocr_par' dir='ltr' id='par_1_1' title="bbox 623 658 802 711">
     <span class='ocr_line' id='line_1_1' title="bbox 623 658 802 711; baseline -0.006 -1"><span class='ocrx_word' id='word_1_1' title='bbox 623 658 802 711; x_wconf 78' lang='lat' dir='ltr'>cnnnlnn.</span> 
     </span>
    </p>
   </div>
   <div class='ocr_carea' id='block_1_2' title="bbox 272 872 1083 1200">
    <p class='ocr_par' dir='ltr' id='par_1_2' title="bbox 272 872 1083 1200">
     <span class='ocr_line' id='line_1_2' title="bbox 336 872 1083 948; baseline 0 -14"><span class='ocrx_word' id='word_1_2' title='bbox 336 872 395 934; x_wconf 89' lang='lat' dir='ltr'>Sed</span> <span class='ocrx_word' id='word_1_3' title='bbox 416 872 491 934; x_wconf 89' lang='lat' dir='ltr'>haee</span> <span class='ocrx_word' id='word_1_4' title='bbox 512 872 610 934; x_wconf 89' lang='lat' dir='ltr'>surdis</span> <span class='ocrx_word' id='word_1_5' title='bbox 631 873 752 937; x_wconf 89' lang='lat' dir='ltr'>auribus</span> <span class='ocrx_word' id='word_1_6' title='bbox 773 872 858 935; x_wconf 89' lang='lat' dir='ltr'>trado</span> <span class='ocrx_word' id='word_1_7' title='bbox 880 879 1083 948; x_wconf 81' lang='lat' dir='ltr'>monumenta3</span> 
     </span>
     <span class='ocr_line' id='line_1_3' title="bbox 272 1002 1046 1081; baseline -0.003 -16"><span class='ocrx_word' id='word_1_8' title='bbox 272 1005 390 1081; x_wconf 83' lang='lat' dir='ltr'><strong>Mirum,</strong></span> <span class='ocrx_word' id='word_1_9' title='bbox 411 1004 437 1066; x_wconf 92' lang='lat' dir='ltr'>si</span> <span class='ocrx_word' id='word_1_10' title='bbox 459 1003 587 1066; x_wconf 79' lang='lat' dir='ltr'>libenter</span> <span class='ocrx_word' id='word_1_11' title='bbox 606 1004 682 1066; x_wconf 89' lang='lat' dir='ltr'>haee</span> <span class='ocrx_word' id='word_1_12' title='bbox 703 1002 803 1065; x_wconf 85' lang='lat' dir='ltr'>lerunt</span> <span class='ocrx_word' id='word_1_13' title='bbox 822 1003 1001 1080; x_wconf 86' lang='lat' dir='ltr'>indumenta,</span> <span class='ocrx_word' id='word_1_14' title='bbox 1043 1008 1046 1014; x_wconf 76' lang='lat'>‘</span> 
     </span>
     <span class='ocr_line' id='line_1_4' title="bbox 275 1135 917 1200; baseline -0.003 -2"><span class='ocrx_word' id='word_1_15' title='bbox 275 1137 347 1199; x_wconf 85' lang='lat' dir='ltr'>Cum</span> <span class='ocrx_word' id='word_1_16' title='bbox 369 1153 477 1200; x_wconf 89' lang='lat' dir='ltr'>ornare</span> <span class='ocrx_word' id='word_1_17' title='bbox 498 1135 637 1198; x_wconf 90' lang='lat' dir='ltr'>studeant</span> <span class='ocrx_word' id='word_1_18' title='bbox 657 1137 746 1199; x_wconf 90' lang='lat' dir='ltr'>etiarn</span> <span class='ocrx_word' id='word_1_19' title='bbox 767 1136 917 1198; x_wconf 82' lang='lat' dir='ltr'>iumenta?</span> 
     </span>
    </p>
   </div>
   <div class='ocr_carea' id='block_1_3' title="bbox 254 1266 987 1347">
    <p class='ocr_par' dir='ltr' id='par_1_3' title="bbox 254 1266 987 1347">
     <span class='ocr_line' id='line_1_5' title="bbox 254 1266 987 1347; baseline 0.003 -19"><span class='ocrx_word' id='word_1_20' title='bbox 254 1267 374 1347; x_wconf 77' lang='lat' dir='ltr'>¹Equus</span> <span class='ocrx_word' id='word_1_21' title='bbox 396 1267 486 1329; x_wconf 91' lang='lat' dir='ltr'>habet</span> <span class='ocrx_word' id='word_1_22' title='bbox 506 1266 626 1346; x_wconf 83' lang='lat' dir='ltr'>faleras,</span> <span class='ocrx_word' id='word_1_23' title='bbox 646 1267 737 1330; x_wconf 90' lang='lat' dir='ltr'>habet</span> <span class='ocrx_word' id='word_1_24' title='bbox 758 1274 938 1331; x_wconf 88' lang='lat' dir='ltr'>ornamenta.</span> <span class='ocrx_word' id='word_1_25' title='bbox 985 1326 987 1330; x_wconf 15' lang='lat' dir='ltr'>a</span> 
     </span>
    </p>
   </div>
   <div class='ocr_carea' id='block_1_4' title="bbox 274 1579 985 1938">
    <p class='ocr_par' dir='ltr' id='par_1_4' title="bbox 274 1579 985 1938">
     <span class='ocr_line' id='line_1_6' title="bbox 335 1579 941 1663; baseline 0.002 -21"><span class='ocrx_word' id='word_1_26' title='bbox 335 1579 461 1662; x_wconf 87' lang='lat' dir='ltr'>Sonipes</span> <span class='ocrx_word' id='word_1_27' title='bbox 482 1579 642 1643; x_wconf 82' lang='lat' dir='ltr'><strong>lasciviens</strong></span> <span class='ocrx_word' id='word_1_28' title='bbox 664 1583 769 1663; x_wconf 78' lang='lat' dir='ltr'><strong>strepit</strong></span> <span class='ocrx_word' id='word_1_29' title='bbox 789 1580 941 1658; x_wconf 84' lang='lat' dir='ltr'>faleratus,</span> 
     </span>
     <span class='ocr_line' id='line_1_7' title="bbox 274 1710 949 1794; baseline 0.003 -22"><span class='ocrx_word' id='word_1_30' title='bbox 274 1710 416 1789; x_wconf 75' lang='lat' dir='ltr'>tinnulis,</span> <span class='ocrx_word' id='word_1_31' title='bbox 437 1711 598 1774; x_wconf 86' lang='lat' dir='ltr'>bracteolis</span> <span class='ocrx_word' id='word_1_32' title='bbox 620 1717 650 1773; x_wconf 96' lang='lat' dir='ltr'>et</span> <span class='ocrx_word' id='word_1_33' title='bbox 670 1713 797 1794; x_wconf 80' lang='lat' dir='ltr'>gemmis</span> <span class='ocrx_word' id='word_1_34' title='bbox 818 1718 949 1789; x_wconf 89' lang='lat' dir='ltr'>ornatus,</span> 
     </span>
     <span class='ocr_line' id='line_1_8' title="bbox 274 1841 985 1938; baseline -0.001 -33"><span class='ocrx_word' id='word_1_35' title='bbox 274 1842 380 1923; x_wconf 89' lang='lat' dir='ltr'>Strepo</span> <span class='ocrx_word' id='word_1_36' title='bbox 401 1843 511 1925; x_wconf 83' lang='lat' dir='ltr'>pendet</span> <span class='ocrx_word' id='word_1_37' title='bbox 533 1860 641 1905; x_wconf 89' lang='lat' dir='ltr'>aureus</span> <span class='ocrx_word' id='word_1_38' title='bbox 663 1842 700 1938; x_wconf 90' lang='lat' dir='ltr'>ad</span> <span class='ocrx_word' id='word_1_39' title='bbox 720 1848 876 1922; x_wconf 87' lang='lat' dir='ltr'>utrumque</span> <span class='ocrx_word' id='word_1_40' title='bbox 898 1841 985 1919; x_wconf 76' lang='lat' dir='ltr'>latuS,</span> 
     </span>
    </p>
   </div>
   <div class='ocr_carea' id='block_1_5' title="bbox 274 1974 974 2058">
    <p class='ocr_par' dir='ltr' id='par_1_5' title="bbox 274 1974 974 2058">
     <span class='ocr_line' id='line_1_9' title="bbox 274 1974 974 2058; baseline 0 -23"><span class='ocrx_word' id='word_1_41' title='bbox 274 1974 363 2038; x_wconf 86' lang='lat' dir='ltr'>Cuius</span> <span class='ocrx_word' id='word_1_42' title='bbox 385 1977 469 2058; x_wconf 80' lang='lat' dir='ltr'>regis</span> <span class='ocrx_word' id='word_1_43' title='bbox 491 1976 587 2057; x_wconf 85' lang='lat' dir='ltr'>magis</span> <span class='ocrx_word' id='word_1_44' title='bbox 610 1982 657 2037; x_wconf 91' lang='lat' dir='ltr'>est</span> <span class='ocrx_word' id='word_1_45' title='bbox 677 1993 772 2055; x_wconf 83' lang='lat' dir='ltr'>equus</span> <span class='ocrx_word' id='word_1_46' title='bbox 794 1974 974 2037; x_wconf 73' lang='lat' dir='ltr'>decoratus?</span> 
     </span>
    </p>
   </div>
   <div class='ocr_carea' id='block_1_6' title="bbox 275 2287 1055 2634">
    <p class='ocr_par' dir='ltr' id='par_1_6' title="bbox 275 2287 1055 2634">
     <span class='ocr_line' id='line_1_10' title="bbox 335 2287 1055 2370; baseline 0.004 -23"><span class='ocrx_word' id='word_1_47' title='bbox 335 2288 419 2350; x_wconf 83' lang='lat' dir='ltr'><strong>Viam</strong></span> <span class='ocrx_word' id='word_1_48' title='bbox 440 2295 553 2350; x_wconf 87' lang='lat' dir='ltr'>rectam</span> <span class='ocrx_word' id='word_1_49' title='bbox 574 2287 743 2370; x_wconf 85' lang='lat' dir='ltr'>quadrupes</span> <span class='ocrx_word' id='word_1_50' title='bbox 764 2291 860 2350; x_wconf 88' lang='lat' dir='ltr'>nescit</span> <span class='ocrx_word' id='word_1_51' title='bbox 881 2289 1055 2365; x_wconf 85' lang='lat' dir='ltr'>observare,</span> 
     </span>
     <span class='ocr_line' id='line_1_11' title="bbox 275 2419 1020 2501; baseline -0.001 -20"><span class='ocrx_word' id='word_1_52' title='bbox 275 2419 414 2481; x_wconf 87' lang='lat' dir='ltr'>Gernrnae</span> <span class='ocrx_word' id='word_1_53' title='bbox 436 2421 466 2481; x_wconf 92' lang='lat' dir='ltr'>ni</span> <span class='ocrx_word' id='word_1_54' title='bbox 487 2419 699 2501; x_wconf 73' lang='lat' dir='ltr'>resplendeant</span> <span class='ocrx_word' id='word_1_55' title='bbox 719 2421 800 2483; x_wconf 89' lang='lat' dir='ltr'>eirea</span> <span class='ocrx_word' id='word_1_56' title='bbox 821 2423 910 2501; x_wconf 90' lang='lat' dir='ltr'>eaput</span> <span class='ocrx_word' id='word_1_57' title='bbox 930 2419 1020 2495; x_wconf 86' lang='lat' dir='ltr'>clare,</span> 
     </span>
     <span class='ocr_line' id='line_1_12' title="bbox 275 2551 957 2634; baseline -0.001 -20"><span class='ocrx_word' id='word_1_58' title='bbox 275 2551 354 2614; x_wconf 88' lang='lat' dir='ltr'>Sella</span> <span class='ocrx_word' id='word_1_59' title='bbox 375 2554 481 2633; x_wconf 85' lang='lat' dir='ltr'>nequit</span> <span class='ocrx_word' id='word_1_60' title='bbox 501 2552 650 2615; x_wconf 88' lang='lat' dir='ltr'>dominum</span> <span class='ocrx_word' id='word_1_61' title='bbox 671 2554 805 2616; x_wconf 83' lang='lat' dir='ltr'>suaviter</span> <span class='ocrx_word' id='word_1_62' title='bbox 825 2558 957 2634; x_wconf 90' lang='lat' dir='ltr'>portare,</span> 
     </span>
    </p>
   </div>
   <div class='ocr_carea' id='block_1_7' title="bbox 274 2683 961 2766">
    <p class='ocr_par' dir='ltr' id='par_1_7' title="bbox 274 2683 961 2766">
     <span class='ocr_line' id='line_1_13' title="bbox 274 2683 961 2766; baseline 0.001 -20"><span class='ocrx_word' id='word_1_63' title='bbox 274 2684 311 2746; x_wconf 92' lang='lat' dir='ltr'>Ni</span> <span class='ocrx_word' id='word_1_64' title='bbox 332 2683 499 2766; x_wconf 89' lang='lat' dir='ltr'>splendenti</span> <span class='ocrx_word' id='word_1_65' title='bbox 520 2691 623 2748; x_wconf 86' lang='lat' dir='ltr'>eernat</span> <span class='ocrx_word' id='word_1_66' title='bbox 642 2684 720 2746; x_wconf 89' lang='lat' dir='ltr'>hane</span> <span class='ocrx_word' id='word_1_67' title='bbox 740 2703 813 2747; x_wconf 89' lang='lat' dir='ltr'>auro</span> <span class='ocrx_word' id='word_1_68' title='bbox 835 2685 961 2747; x_wconf 91' lang='lat' dir='ltr'>radiare.</span> 
     </span>
    </p>
   </div>
   <div class='ocr_carea' id='block_1_8' title="bbox 275 2997 976 3346">
    <p class='ocr_par' dir='ltr' id='par_1_8' title="bbox 275 2997 976 3346">
     <span class='ocr_line' id='line_1_14' title="bbox 336 2997 928 3082; baseline 0.007 -24"><span class='ocrx_word' id='word_1_69' title='bbox 336 2997 404 3059; x_wconf 90' lang='lat' dir='ltr'>Non</span> <span class='ocrx_word' id='word_1_70' title='bbox 425 2997 515 3061; x_wconf 84' lang='lat' dir='ltr'>debet</span> <span class='ocrx_word' id='word_1_71' title='bbox 535 3001 672 3078; x_wconf 84' lang='lat' dir='ltr'>recipere</span> <span class='ocrx_word' id='word_1_72' title='bbox 694 3001 779 3080; x_wconf 91' lang='lat' dir='ltr'>pedis</span> <span class='ocrx_word' id='word_1_73' title='bbox 800 2999 928 3082; x_wconf 90' lang='lat' dir='ltr'>laqueati</span> 
     </span>
     <span class='ocr_line' id='line_1_15' title="bbox 275 3131 976 3214; baseline 0.001 -23"><span class='ocrx_word' id='word_1_74' title='bbox 275 3131 406 3193; x_wconf 79' lang='lat' dir='ltr'>Plantam</span> <span class='ocrx_word' id='word_1_75' title='bbox 428 3133 486 3195; x_wconf 91' lang='lat' dir='ltr'>nisi</span> <span class='ocrx_word' id='word_1_76' title='bbox 507 3132 635 3195; x_wconf 88' lang='lat' dir='ltr'>eireulus</span> <span class='ocrx_word' id='word_1_77' title='bbox 656 3133 805 3213; x_wconf 90' lang='lat' dir='ltr'>streponis</span> <span class='ocrx_word' id='word_1_78' title='bbox 826 3134 976 3214; x_wconf 85' lang='lat' dir='ltr'>gemmati,</span> 
     </span>
     <span class='ocr_line' id='line_1_16' title="bbox 276 3261 965 3346; baseline -0.001 -22"><span class='ocrx_word' id='word_1_79' title='bbox 276 3263 344 3326; x_wconf 87' lang='lat' dir='ltr'>Non</span> <span class='ocrx_word' id='word_1_80' title='bbox 366 3271 452 3326; x_wconf 88' lang='lat' dir='ltr'>erunt</span> <span class='ocrx_word' id='word_1_81' title='bbox 473 3264 673 3346; x_wconf 89' lang='lat' dir='ltr'>quadrupedis</span> <span class='ocrx_word' id='word_1_82' title='bbox 695 3261 806 3346; x_wconf 87' lang='lat' dir='ltr'>gradus</span> <span class='ocrx_word' id='word_1_83' title='bbox 829 3261 965 3339; x_wconf 87' lang='lat' dir='ltr'>ordinati,</span> 
     </span>
    </p>
   </div>
   <div class='ocr_carea' id='block_1_9' title="bbox 276 3396 859 3459">
    <p class='ocr_par' dir='ltr' id='par_1_9' title="bbox 276 3396 859 3459">
     <span class='ocr_line' id='line_1_17' title="bbox 276 3396 859 3459; baseline 0 -3"><span class='ocrx_word' id='word_1_84' title='bbox 276 3396 406 3458; x_wconf 85' lang='lat' dir='ltr'>lllonitus</span> <span class='ocrx_word' id='word_1_85' title='bbox 428 3396 458 3458; x_wconf 90' lang='lat' dir='ltr'>ni</span> <span class='ocrx_word' id='word_1_86' title='bbox 479 3398 587 3459; x_wconf 87' lang='lat' dir='ltr'>sentiat</span> <span class='ocrx_word' id='word_1_87' title='bbox 608 3396 734 3459; x_wconf 88' lang='lat' dir='ltr'>calcaris</span> <span class='ocrx_word' id='word_1_88' title='bbox 756 3396 859 3457; x_wconf 89' lang='lat' dir='ltr'>aurati.</span> 
     </span>
    </p>
   </div>
   <div class='ocr_carea' id='block_1_10' title="bbox 278 3709 940 3921">
    <p class='ocr_par' dir='ltr' id='par_1_10' title="bbox 278 3709 940 3921">
     <span class='ocr_line' id='line_1_18' title="bbox 338 3709 940 3785; baseline 0 -15"><span class='ocrx_word' id='word_1_89' title='bbox 338 3709 421 3773; x_wconf 90' lang='lat' dir='ltr'>Hane</span> <span class='ocrx_word' id='word_1_90' title='bbox 441 3711 574 3772; x_wconf 87' lang='lat' dir='ltr'>insanam</span> <span class='ocrx_word' id='word_1_91' title='bbox 595 3711 713 3772; x_wconf 90' lang='lat' dir='ltr'>intuens</span> <span class='ocrx_word' id='word_1_92' title='bbox 736 3710 940 3785; x_wconf 85' lang='lat' dir='ltr'>curialitatem,</span> 
     </span>
     <span class='ocr_line' id='line_1_19' title="bbox 278 3839 884 3921; baseline 0 -19"><span class='ocrx_word' id='word_1_93' title='bbox 278 3840 430 3904; x_wconf 86' lang='lat' dir='ltr'>Cleriealis</span> <span class='ocrx_word' id='word_1_94' title='bbox 452 3841 564 3904; x_wconf 88' lang='lat' dir='ltr'>ordinis</span> <span class='ocrx_word' id='word_1_95' title='bbox 585 3839 670 3921; x_wconf 88' lang='lat' dir='ltr'>ploro</span> <span class='ocrx_word' id='word_1_96' title='bbox 691 3843 884 3919; x_wconf 84' lang='lat' dir='ltr'>sanctitatem,</span> 
     </span>
    </p>
   </div>
   <div class='ocr_carea' id='block_1_11' title="bbox 277 3972 994 4052">
    <p class='ocr_par' dir='ltr' id='par_1_11' title="bbox 277 3972 994 4052">
     <span class='ocr_line' id='line_1_20' title="bbox 277 3972 994 4052; baseline 0.003 -20"><span class='ocrx_word' id='word_1_97' title='bbox 277 3972 375 4049; x_wconf 85' lang='lat' dir='ltr'>Plora,</span> <span class='ocrx_word' id='word_1_98' title='bbox 397 3973 476 4052; x_wconf 90' lang='lat' dir='ltr'>quod</span> <span class='ocrx_word' id='word_1_99' title='bbox 498 3973 658 4035; x_wconf 91' lang='lat' dir='ltr'>delluxerit</span> <span class='ocrx_word' id='word_1_100' title='bbox 678 3974 708 4035; x_wconf 93' lang='lat' dir='ltr'>in</span> <span class='ocrx_word' id='word_1_101' title='bbox 728 3973 805 4035; x_wconf 91' lang='lat' dir='ltr'>hane</span> <span class='ocrx_word' id='word_1_102' title='bbox 825 3973 994 4050; x_wconf 86' lang='lat' dir='ltr'>vanitatem,</span> 
     </span>
    </p>
   </div>
   <div class='ocr_carea' id='block_1_12' title="bbox 279 4103 861 4187">
    <p class='ocr_par' dir='ltr' id='par_1_12' title="bbox 279 4103 861 4187">
     <span class='ocr_line' id='line_1_21' title="bbox 279 4103 861 4187; baseline 0.009 -25"><span class='ocrx_word' id='word_1_103' title='bbox 279 4103 433 4167; x_wconf 82' lang='lat' dir='ltr'>laieorum</span> <span class='ocrx_word' id='word_1_104' title='bbox 455 4123 599 4186; x_wconf 89' lang='lat' dir='ltr'>superans</span> <span class='ocrx_word' id='word_1_105' title='bbox 621 4105 861 4187; x_wconf 84' lang='lat' dir='ltr'>superfluitatem.</span> 
     </span>
    </p>
   </div>
   <div class='ocr_carea' id='block_1_13' title="bbox 0 0 1542 5220">
    <p class='ocr_par' dir='ltr' id='par_1_13' title="bbox 0 0 1542 5220">
     <span class='ocr_line' id='line_1_22' title="bbox 0 0 1542 5220; baseline 0 0"><span class='ocrx_word' id='word_1_106' title='bbox 0 0 1542 5220; x_wconf 95' lang='lat' dir='ltr'> </span> 
     </span>
    </p>
   </div>
  </div>
 </body>
</html>
