3060 5220
782 656 1006 708 GlLLEBElll'l

509 872 658 952 Quidquid
678 875 709 933 in
730 873 860 934 ecclesia
881 872 913 934 fit
932 875 1151 954 perversitatis,

447 1004 577 1067 Evidens
599 1005 738 1066 indicium
759 1005 849 1066 habet
869 1024 887 1066 a
907 1004 1060 1085 praelatis,

448 1137 567 1200 Gloriae
588 1156 642 1219 per
662 1139 765 1199 vitium
788 1145 818 1199 et
839 1137 1019 1219 cupiditatiS,

448 1269 531 1332 Unde
552 1272 582 1331 in
603 1272 783 1332 contrarium
804 1288 880 1351 opus
901 1271 1031 1351 pietatis.

457 1562 460 1569 ยน
508 1581 591 1642 Pium
612 1598 686 1662 opus
708 1582 833 1643 aestimo
854 1582 1026 1662 bonumque
1047 1584 1176 1660 sincere,

446 1712 503 1774 Pro
525 1712 620 1774 salute
641 1712 740 1793 populi
763 1714 899 1795 regimen
920 1714 1044 1790 habere,

446 1844 630 1927 Temporalis
652 1844 799 1906 conuncdi
820 1844 892 1906 nihil
913 1845 1090 1923 admiscere,

447 1976 514 2039 Non
534 1976 602 2054 sibi,
623 1994 682 2037 non
703 1976 780 2054 aliis,
801 1976 855 2038 sed
877 1977 935 2039 dee
956 1977 1089 2058 placere.

508 2289 584 2351 Vide
605 2307 693 2366 nunc,
715 2292 741 2351 si
762 2289 822 2350 tale
844 2296 890 2352 est
911 2296 1011 2351 vetum
1033 2289 1243 2370 praelatorum,

447 2421 503 2495 Qui
525 2423 708 2483 committunt
729 2423 841 2483 animas
864 2439 955 2483 curae
976 2439 1149 2503 puerorum,

446 2551 541 2614 Etiam
562 2554 689 2634 aspicias
709 2560 839 2614 ruentem
860 2552 995 2631 alioruin,

418 2731 421 2735 ,
447 2682 549 2744 Utrum
571 2685 616 2745 sic
637 2683 767 2746 cfficiurn
787 2685 919 2746 habeant
939 2692 1100 2767 pasturum.

506 3000 665 3079 Nequeunt
684 3000 800 3082 pueruli
822 3000 940 3081 plebem
963 3000 1095 3077 erudire,

444 3130 504 3193 Alii
525 3130 574 3193 vel
595 3133 732 3193 nesciunt
752 3131 801 3193 vel
822 3150 881 3194 non
903 3137 1007 3193 curant
1027 3133 1117 3207 scire,

444 3262 482 3324 Et
502 3265 546 3326 sic
568 3271 680 3346 cogunt
700 3263 842 3346 plurimes
864 3265 895 3325 in
916 3263 1085 3345 gehennam
1106 3264 1162 3338 ire,

445 3393 575 3456 Pereunt
595 3401 625 3456 et
646 3401 764 3456 ceteros
786 3393 898 3456 faciunt
919 3395 1030 3474 perire.

506 3709 537 3772 Si
558 3727 613 3791 per
633 3711 834 3771 mercenarius
855 3708 940 3790 plebs
961 3726 1021 3771 nnn
1042 3707 1205 3785 deleretur,

446 3840 506 3903 Sed
526 3847 646 3903 recture
666 3841 787 3921 proprio
808 3843 933 3919 quaevis
955 3847 1116 3922 regeretur

445 3971 481 4032 Et
501 3978 661 4053 praecepta
683 3972 793 4034 demini
815 3988 908 4053 saepe
929 3973 1100 4051 doceretur,

444 4105 510 4167 Non
531 4105 575 4166 sic
595 4105 626 4165 in
646 4104 754 4165 itinere
775 4121 890 4165 nrorurn
912 4110 1073 4165 erraretur.
