3060 5220
562 675 741 730 cautulus.

274 895 385 956 Doctus
408 894 555 955 exercitio
576 894 655 953 vitae
677 892 822 974 longioris

213 1025 302 1086 Videt
323 1031 353 1086 et
374 1024 553 1102 considerat,
574 1031 641 1104 post
662 1031 788 1086 mortem
811 1024 938 1104 pastoris

214 1155 300 1229 Quod
321 1174 380 1217 non
401 1156 474 1217 vitat
493 1155 619 1237 populus
640 1157 763 1218 semitas
785 1156 910 1233 erroris,
1014 1168 1047 1235 stt·

215 1287 246 1349 Si
268 1287 402 1350 doctrina
424 1293 526 1348 careat
545 1286 663 1368 providi
685 1288 821 1349 rectoris.

276 1599 359 1660 Vidit
380 1617 481 1680 saepe,
503 1600 642 1679 quotiens
665 1598 791 1679 contigit
810 1615 919 1659 vacare

216 1730 368 1794 Pastcrale
390 1732 536 1812 regimen,
557 1728 655 1791 solent
675 1728 804 1810 litigare,

217 1863 290 1936 Quis
313 1863 350 1924 de
372 1865 438 1924 iure
460 1862 570 1924 debeat
591 1860 672 1923 fundi
695 1859 804 1921 denum
826 1858 906 1935 dare,

217 1992 290 2066 Quis
313 1993 410 2056 electo
432 1995 537 2055 iustius
561 1991 695 2055 conlcrat
715 1991 818 2052 altare.

280 2309 414 2370 Prudens
436 2309 482 2368 vir
504 2307 653 2388 iutelligit,
675 2307 744 2369 dum
765 2309 809 2369 sic
830 2306 974 2389 litigatur,

221 2442 297 2503 Dum
317 2459 372 2523 per
393 2443 630 2504 contraversium
653 2440 703 2502 diu
724 2441 903 2517 decertatur,

221 2572 363 2635 laeditur
384 2573 524 2650 ecclesia,
546 2590 654 2634 census
675 2576 850 2649 minoratur,

221 2703 267 2782 Et,
289 2704 369 2785 quod
389 2705 456 2787 plus
479 2705 638 2768 dolendum
661 2711 717 2783 est,
738 2705 824 2786 plebs
845 2704 1037 2786 periclitatur.

284 3017 367 3080 llaec
387 3025 509 3080 movent
529 3018 661 3099 pericula
684 3022 779 3081 virum
801 3037 892 3081 sanae
914 3019 1031 3095 ruentis,

224 3148 307 3211 Unde
330 3168 417 3212 casus
438 3157 576 3212 metuens
597 3153 739 3231 temporis
761 3152 929 3232 praesentis

223 3282 255 3343 lu
277 3282 407 3344 futurum
428 3290 590 3364 praecavet
611 3282 715 3345 damna
737 3302 811 3346 suae
832 3285 942 3367 gentis,

224 3416 268 3476 Ne
289 3417 418 3497 pastoris
440 3416 594 3480 commoda
616 3415 719 3499 lugeat
740 3416 882 3479 absentis.

286 3729 369 3814 Erga
391 3729 449 3792 sibi
471 3730 604 3790 sentiens
625 3728 713 3790 finem
734 3730 900 3805 imminere,

225 3861 304 3940 Vult,
326 3863 403 3924 sicut
424 3862 471 3921 vir
490 3860 643 3940 providus,
665 3862 728 3922 suis
749 3860 911 3941 providere

226 3993 273 4073 Et,
294 4013 369 4076 quos
391 3995 487 4077 magis
510 3992 617 4076 diligit,
639 3994 736 4076 magis
758 4009 946 4074 promovere,

227 4127 316 4189 Novit
335 4127 424 4190 homo
446 4127 546 4206 sapies
568 4124 673 4186 darnua
693 4141 887 4206 praecavere.
