3060 5220
628 690 808 743 candida,

340 903 433 986 Virgo
456 905 503 965 oui
525 903 695 967 formositas
717 907 852 987 corporis
873 905 999 981 vilescit,

277 1035 314 1096 Et
335 1042 442 1098 ornatu
463 1038 548 1099 vario
569 1036 709 1099 lascivire
730 1039 836 1114 nescit,

278 1165 418 1248 Corporis
440 1166 592 1230 lasciviam
614 1169 701 1232 citius
723 1171 895 1251 compescit,

243 1326 252 1335 ·
276 1299 321 1360 Dc
343 1301 453 1362 virtute
475 1303 562 1364 eitius
584 1303 613 1362 in
635 1303 775 1364 virtutem
796 1303 912 1364 erescit.

339 1611 449 1672 Tamen
472 1613 569 1673 estin
591 1612 728 1674 omnibus
750 1611 855 1675 modus
876 1612 1092 1689 observandus,

276 1734 313 1803 Et
334 1747 457 1804 ornatus
479 1744 614 1823 corporis
635 1745 676 1805 ita
697 1743 919 1825 temperandus,

275 1873 386 1955 Aliquo
408 1876 540 1938 novitio
562 1876 601 1938 sit
621 1874 844 1957 vituperandus,

276 2007 329 2070 Est
350 2009 439 2085 enirn,
460 2009 513 2087 qui
534 2009 621 2070 nimis
644 2014 691 2070 est
711 2007 841 2086 humilis,
862 2007 1033 2090 culpandus.

336 2319 403 2381 Non
424 2320 517 2381 utaris
538 2320 628 2381 nimia
648 2320 742 2383 vestis
763 2320 887 2399 vilitate,

276 2458 384 2521 Latitat
405 2457 545 2540 superbia
567 2457 623 2519 sub
644 2455 819 2534 humilitate,

276 2583 313 2647 Et
333 2586 430 2648 omnis
451 2585 620 2666 hypocrisis
642 2585 733 2668 longe
754 2585 805 2648 iiat
825 2604 842 2648 a
864 2593 903 2662 te,

276 2720 355 2783 Nihil
375 2722 445 2784 huic
466 2728 512 2784 est
532 2721 642 2804 virgini
664 2720 722 2783 deo
744 2721 906 2784 dedicatae.

338 3033 415 3106 Quid
436 3035 515 3094 enim
536 3034 703 3097 dementius
725 3052 812 3114 quarn
833 3033 1010 3096 decolorare

277 3169 394 3231 Faciem
415 3175 446 3231 et
466 3168 602 3248 corporis
623 3168 726 3230 suavia
747 3167 854 3242 vitare,

277 3303 389 3367 Crebra
410 3321 465 3384 per
486 3301 596 3364 ieiunia
618 3316 738 3362 carnem
759 3317 923 3379 macerare,

277 3429 312 3490 Et
334 3429 446 3492 laboris
467 3431 601 3510 praemio
622 3448 748 3510 poenam
771 3430 968 3510 exspectare?

338 3743 437 3805 iustae
459 3744 510 3824 qui
531 3743 672 3805 iudicium
693 3744 777 3804 timet
797 3741 928 3819 ultionis,

277 3875 448 3938 Detestatur
468 3875 572 3938 vitium
593 3873 680 3936 huius
701 3872 838 3949 iiotionis,

278 4003 366 4066 Veris
387 4007 414 4067 si
435 4005 520 4068 beari
541 4007 587 4068 vis
610 4012 641 4066 et
661 4023 721 4069 non
742 4004 819 4068 fictis
840 4003 937 4080 bonis,

279 4137 378 4199 Fictae
399 4136 472 4199 nihii
494 4138 570 4217 apud
592 4144 622 4198 te
645 4137 683 4199 sit
704 4135 869 4219 religionis.
