3060 5220
740 646 964 699 GlLLEBEllTl

465 859 588 921 Praedia
611 879 676 921 cum
698 860 809 923 habeas
831 879 871 922 ex
892 862 1068 938 hereditate,

402 993 503 1075 Agros
524 1012 590 1056 cum
611 993 768 1073 possideas
789 1000 847 1055 tam
869 993 970 1079 longe,
990 1003 1049 1058 tam
1071 996 1140 1072 late,

402 1123 529 1185 Nimium
551 1123 720 1203 degeneras
741 1142 758 1186 a
779 1123 943 1201 nobilitate,

402 1255 485 1328 Quae
507 1255 653 1316 debentur
673 1257 797 1336 pauperi
819 1255 887 1317 dum
908 1254 1050 1317 tolluntur
1070 1274 1087 1316 a
1109 1263 1147 1316 te.

463 1570 495 1633 Si
517 1570 663 1633 ribaldum
684 1571 787 1634 videas
809 1578 941 1634 saturum
962 1579 1083 1653 portare

400 1701 520 1763 Plenam
540 1720 617 1783 pane
637 1703 793 1764 manticam
816 1708 846 1762 et
866 1701 963 1764 adhuc
982 1721 1104 1786 rogare,

400 1830 510 1912 Alium,
530 1834 581 1912 qui
603 1835 707 1910 esurit,
729 1851 805 1914 pane
826 1832 970 1915 spoliare:

400 1962 506 2025 Nonne
526 1970 594 2025 tuos
616 1980 722 2024 servos
743 1963 821 2024 hunc
841 1964 928 2024 iubes
948 1961 1120 2045 fustigare?

462 2278 603 2360 Quisquis
625 2285 656 2339 et
677 2277 813 2339 ecclesiis
836 2284 867 2339 et
888 2279 970 2360 agris
992 2277 1112 2354 ditatur,

400 2406 436 2469 Et
457 2407 637 2490 quaerendis
658 2409 751 2470 inhiat
773 2414 803 2469 et
823 2427 883 2470 non
904 2414 1063 2485 saturatur,

400 2540 491 2602 Cuius
512 2541 593 2622 gerit
613 2540 766 2623 speciem?
788 2543 835 2603 cui
856 2540 1031 2603 simulatur?

400 2672 453 2750 llli,
475 2675 525 2753 qui
546 2672 713 2735 famelicum
735 2673 875 2753 spoliavit
895 2673 990 2736 saturi

461 2987 551 3050 Cuius
572 2988 657 3051 vides
679 2990 834 3050 manticam
854 2988 989 3051 frustulis
1009 2995 1136 3066 tumere,

399 3123 515 3205 Dignus
538 3129 603 3184 erat
622 3121 744 3184 fustium
765 3122 841 3182 ictus
862 3121 1025 3196 sustinere3

399 3255 464 3332 llic,
485 3256 535 3333 qui
557 3253 670 3330 domos,
691 3253 800 3315 horrea
822 3270 882 3314 non
903 3258 1002 3316 cessat
1024 3252 1161 3334 implere,

399 3383 515 3446 Nullam
535 3383 605 3446 inde
625 3384 735 3444 meruit
754 3401 880 3464 poenam
902 3383 1076 3444 sustinere?

462 3698 627 3762 Sustinebit
647 3701 763 3778 utique3
784 3697 867 3760 nolet
888 3683 1107 3781 congregasse,

398 3832 487 3894 Nolet
507 3851 562 3894 suo
583 3851 731 3915 pauperes
753 3833 833 3894 victu
854 3829 1016 3911 spoliasse;

400 3964 497 4044 lpsum
518 3965 548 4025 ni
570 3962 708 4026 nobilitas
731 3969 761 4024 et
781 3963 891 4023 nummi
912 3959 1041 4022 fortasse

398 4095 542 4157 liberare
563 4093 682 4156 valeant
703 4100 733 4155 et
754 4095 871 4176 argenti
894 4111 1019 4155 massae.
