3060 5220
568 691 744 745 CARMINA.

279 903 382 983 Miror,
403 905 482 967 unde
504 906 606 969 didicit
627 914 686 970 tam
708 909 766 971 cito
787 926 904 986 sanare,

217 1035 274 1096 Diu
295 1034 374 1096 solet
394 1036 526 1099 medicus
548 1035 633 1100 libris
654 1040 805 1118 insudare,

218 1164 255 1226 Ut
275 1184 382 1228 secure
404 1167 502 1229 valeat
523 1169 698 1232 medicinam
720 1171 802 1249 dare,

216 1297 387 1362 Animarum
408 1299 541 1363 medicus
563 1304 661 1364 statim
683 1304 740 1364 scit
760 1321 875 1365 curare.

278 1612 384 1676 Portus
407 1615 457 1694 qui
479 1632 539 1676 non
560 1614 662 1677 didicit
684 1623 714 1677 et
734 1624 841 1679 ventos
862 1625 977 1695 notare,

216 1745 279 1807 Nec
301 1764 388 1807 unam
408 1746 575 1808 naviculam
596 1747 686 1809 audet
706 1748 891 1830 gubemare3

660 1836 673 1859 0

216 1878 294 1941 Raro
316 1878 400 1940 vides
423 1877 564 1940 clericum
584 1881 625 1941 ita
645 1879 805 1960 trepidare,

215 2009 328 2072 Mavult
348 2028 404 2073 sex
426 2010 570 2073 ecclesias
593 2030 679 2092 quam
701 2015 762 2073 tres
784 2030 956 2092 procurare.

232 2344 235 2349 ⁴
280 2323 433 2386 Scandere
455 2324 630 2386 desiderans
652 2324 914 2405 adpepiscopatum

217 2455 323 2536 Utique
345 2456 496 2518 desiderat
517 2474 591 2537 opus
614 2455 670 2518 deo
692 2462 819 2538 gratum,

215 2587 347 2651 Verbum
368 2589 448 2651 istud
469 2591 598 2652 omnium
620 2607 721 2651 curam
743 2589 918 2672 dignitatum

214 2718 375 2782 Transtulit
396 2720 434 2782 ad
454 2721 590 2784 homines
613 2723 742 2784 omnium
764 2728 901 2784 aetatum.

274 3031 390 3095 Etiam
411 3051 471 3095 non
492 3039 538 3093 est
558 3032 647 3095 utiles
668 3052 817 3113 quaerere
838 3053 975 3112 necesse,

215 3161 287 3225 Cum
308 3182 463 3226 cernamus
484 3165 624 3246 parvulos
646 3184 756 3248 pueros
776 3185 930 3248 praeesse,

216 3296 317 3359 Senex
338 3315 456 3378 quoque
478 3297 631 3376 tremulus,
653 3301 703 3380 qui
724 3299 796 3362 nulli
816 3300 962 3381 prodesse

216 3428 327 3507 Potest,
348 3431 414 3511 ipse
434 3437 535 3493 rector
555 3430 618 3493 vult
639 3432 802 3494 animarum
823 3450 901 3494 esse.

275 3741 431 3804 Iuventute
452 3742 596 3818 fervidus,
616 3749 722 3823 potens
744 3743 892 3821 laborare,

214 3873 307 3935 Litem
329 3877 413 3938 annis
435 3881 562 3956 quatmr
582 3876 682 3938 studet
701 3876 862 3956 protelare,

215 4004 252 4067 Ut
273 4006 377 4070 saltem
398 4010 444 4072 sic
464 4010 612 4072 aemulum
633 4011 728 4092 possit
750 4029 935 4093 expugnare,

215 4136 271 4210 Qui
294 4142 445 4205 contendit
466 4144 555 4207 etiam
577 4145 689 4208 animas
712 4164 826 4209 curare.
