3060 5220
741 650 964 703 GILLEBERTI

469 863 611 925 Velamen
633 867 771 945 superius
792 867 837 929 sic
859 867 1091 949 compaginatur,

407 995 498 1057 Vario
519 997 563 1058 sic
583 995 681 1078 lapide
701 996 789 1060 tellus
810 998 980 1076 adornatur,

408 1128 454 1207 Ut,
475 1148 662 1210 quocumque
682 1130 782 1193 radius
805 1131 883 1193 oculi
904 1130 1026 1209 feratur,

407 1260 532 1343 Semper
554 1270 668 1343 spectet
689 1263 809 1344 aliquid,
830 1264 908 1326 unde
929 1263 1113 1327 iucundatur.

467 1575 576 1638 Lectus
598 1574 781 1637 delectabilis
803 1576 922 1639 domino
943 1576 1067 1653 locatur,

406 1705 518 1768 Sericis
540 1709 591 1786 qui
611 1708 746 1769 vestibus
770 1715 799 1768 et
820 1715 902 1770 ostro
924 1707 1050 1786 velatur,

405 1837 442 1899 Et
463 1856 502 1900 ne
522 1838 621 1920 planta
644 1838 754 1902 domini
774 1845 878 1901 tenera
899 1839 1043 1917 laedatur,

406 1972 509 2053 'tapeti
530 1971 669 2035 mollities
690 1971 816 2053 pedibus
838 1971 978 2035 calcatur.

466 2286 523 2347 Vix
544 2285 603 2347 fert
623 2286 738 2367 pondus
760 2267 872 2367 pertica
893 2287 1018 2348 vestium
1040 2286 1204 2364 multarum,

403 2417 439 2480 Et
461 2420 579 2502 ignorat
600 2419 735 2481 dominus
757 2436 911 2481 numerum
932 2435 1043 2494 earum,

402 2550 465 2614 Sed
487 2570 553 2614 cum
573 2557 684 2613 tantum
705 2550 854 2631 pendeant
874 2550 958 2613 cibus
980 2551 1135 2628 tinearum,

402 2683 512 2745 Rerum
532 2683 733 2745 testimonium
755 2682 824 2744 dant
846 2681 1069 2764 superfluarum.

463 2995 628 3075 Pauperum
649 2994 782 3074 quotidie
803 2994 907 3058 videns
928 2995 1089 3057 nuditatem

403 3125 482 3186 Heu!
504 3143 557 3187 cur
576 3131 686 3188 tantam
708 3133 876 3210 congregat
896 3126 1149 3208 superfluitatem?

401 3258 549 3339 Quidquid
574 3258 611 3320 ad
631 3257 784 3321 lasciviam
804 3277 864 3321 non
885 3261 1095 3322 necessitatem

401 3391 507 3469 Habet,
529 3394 557 3453 ei
579 3393 706 3453 vertitur
725 3393 756 3453 in
776 3393 976 3473 rapacitatem.

462 3705 523 3768 Suo
545 3705 601 3768 soli
623 3706 742 3786 corpori
763 3710 806 3767 tot
827 3694 926 3766 studet
947 3711 1058 3785 aptare,

324 3929 326 3933 y
400 3837 541 3900 Vestibus
562 3845 605 3902 tot
626 3839 766 3901 miseram
788 3854 907 3898 carnem
928 3855 1107 3919 aggravare,

402 3969 484 4032 Unde
507 3977 625 4033 centum
645 3987 793 4052 pauperes
814 3976 916 4051 posset
936 3987 1077 4031 recreare

399 4103 436 4165 Et
457 4110 558 4166 contra
579 4103 733 4166 saevitiam
753 4101 860 4164 hiemis
881 4119 1006 4165 armare.
