3060 5220
623 656 802 709 cnutttttn.

334 872 462 952 Aliquis,
482 871 532 951 qui
553 871 636 932 uidet
655 871 721 950 hus,
743 878 801 934 stat
823 878 853 934 et
874 872 1043 950 admiratur,

273 1003 417 1084 Principis
439 1002 578 1065 familiam
600 1020 670 1065 esse
692 1005 870 1085 suspicatur,

273 1134 379 1216 Stupet
400 1135 614 1198 multitudinem
637 1142 667 1197 et
687 1154 747 1199 nun
769 1139 915 1219 opinatur,

272 1265 363 1338 Quod
383 1267 451 1331 talis
474 1250 632 1333 exercilus¹
645 1244 787 1331 alericum
809 1275 959 1348 sequatur.

339 1579 421 1641 Grex
443 1578 666 1642 ecclesiasticus
688 1585 803 1660 patrum
824 1581 915 1660 prisci
937 1583 1079 1662 temporis

278 1710 499 1773 Praecavebant
519 1708 635 1772 facinus
658 1715 688 1771 et
708 1729 828 1774 eausam
849 1709 1002 1787 facinoris,

277 1841 314 1904 Et
335 1860 373 1904 ne
394 1844 489 1905 virtus
510 1841 653 1923 perderet
674 1848 781 1904 statum
803 1845 849 1905 sui
870 1844 1000 1919 ruboris,

278 1975 480 2038 Refrenabant
500 1976 572 2040 vitia
595 1976 703 2037 mentis
724 1981 814 2054 atque
835 1977 979 2057 corporis.

261 2275 267 2282 ’
344 2288 380 2350 lli
403 2306 460 2351 nee
481 2307 534 2351 sua
556 2291 628 2351 vitia
649 2287 767 2351 frenant
789 2307 844 2350 nec
867 2307 998 2365 suorum,

282 2419 361 2483 Reus
384 2423 410 2483 si
431 2421 541 2483 iudieiu
563 2421 679 2482 sistitur
701 2438 814 2500 eorum,

283 2525 411 2616 buculos
433 2554 559 2634 aperiat,
580 2526 709 2615 massam
730 2552 781 2614 det
801 2570 995 2630 nummorum,

283 2685 387 2748 Statim
409 2685 624 2747 liberabitura
646 2660 735 2763 edeta
756 2701 885 2747 reorum.

346 2994 432 3058 Stare
454 2976 640 3077 pruffbstitia
663 2995 731 3058 dum
752 2996 848 3057 iustus
869 2995 1001 3071 audebit,

195 3149 198 3152 ’
285 3126 376 3189 Nitidi
396 3127 423 3188 si
444 3126 563 3207 species
584 3127 693 3187 nummi
714 3124 887 3206 refulgebit,

286 3259 396 3322 Perdet
416 3276 536 3321 eausam
557 3258 673 3335 iustior,
694 3255 745 3319 ille
764 3256 960 3339 praevalebit,

287 3391 395 3454 ludieis
416 3390 590 3452 muneribus
612 3389 662 3469 qui
685 3407 803 3451 manum
824 3387 966 3471 implebit

349 3704 467 3767 Manum
488 3705 539 3784 qui
560 3702 733 3766 muneribus
754 3704 952 3784 undecunque
973 3703 1048 3767 datis

290 3836 418 3918 lmplere
440 3835 603 3912 desiderat,
624 3835 672 3897 eui
693 3835 765 3898 nibil
785 3842 834 3900 est
854 3837 935 3914 satis,

289 3970 409 4032 Crimen
429 3969 576 4032 avaritiae
597 3986 652 4032 seu
671 3968 841 4048 rapacitatis

289 4102 404 4165 lneidet
424 4101 472 4163 vel
493 4102 597 4163 vitium
618 4098 845 4182 prodigalitatis.
