3060 5220
725 661 951 715 GlLLEBEllTl

452 877 544 942 lnrmo
565 878 678 941 iuvantl
703 878 848 941 Tribuunt
868 879 1045 960 quandoque
1066 880 1256 960 quadrantes,

391 1011 469 1073 Dant
486 1029 608 1074 mensae
628 1010 771 1091 reliquias
794 1009 1080 1099 superabundantes?

391 1142 506 1207 Natulis
528 1143 667 1224 operiunt
687 1139 795 1205 Sootos
817 1148 1023 1224 aegrotantes}
1037 1122 1113 1253 ᾧ

392 1272 491 1345 Quare
512 1273 560 1354 pia
581 1273 697 1335 laceras
717 1274 836 1335 viscera
857 1262 1062 1377 gqglantesffi
1092 1268 1095 1273 ’

453 1583 535 1646 Bene
555 1585 614 1646 tuis
634 1584 767 1661 naribus,
787 1585 834 1646 vir
854 1587 947 1646 eornis
969 1591 1000 1646 et
1020 1585 1108 1661 bone,
1192 1615 1195 1621 ·

392 1717 547 1780 Protector
569 1718 731 1799 egentium,
752 1723 1072 1811 paupernnr‘nzpatrone,

392 1848 469 1931 Apte
491 1866 545 1911 sua
567 1848 675 1928 cuique
696 1849 756 1910 sois
778 1808 1087 1929 reddere’qersonae,

392 1981 470 2064 Apte
491 1987 596 2043 cuneta
617 1979 767 2063 ponderas
789 1981 866 2042 iusta
887 1980 1011 2042 ratione.

454 2292 588 2355 Moribus
609 2294 791 2355 conveniens
813 2298 896 2354 extat
916 2293 973 2352 viri
995 2291 1066 2352 boni

394 2424 562 2506 clericique
583 2443 754 2508 congruens
777 2431 823 2487 est
844 2423 985 2514 religioni

392 2558 570 2640 Aegrotanti
591 2558 710 2618 rnittere
731 2556 861 2619 notulam
880 2553 1012 2631 Semoni,

393 2687 430 2749 Et
450 2688 568 2751 saltanti
588 2687 709 2769 pallium
732 2687 804 2749 dare
825 2684 975 2753 nebuloni.

454 3003 521 3068 Deo
542 3003 674 3086 quidem,
695 3004 802 3081 lateor,
823 3001 934 3083 aliquid
956 3001 1074 3078 dedisti,

396 3134 466 3214 Sed,
487 3141 520 3196 nt
540 3135 629 3198 docet
649 3135 758 3214 littera,
779 3134 856 3197 male
878 3135 1015 3210 divisisti,

394 3266 488 3329 Vario
509 3266 579 3330 durn
600 3266 689 3348 pallio
711 3266 801 3329 Satan
822 3268 953 3345 induisti,

381 3354 545 3461 ''fflstunr
567 3404 674 3481 tegens
691 3397 796 3485 natula
817 3399 929 3461 nudurn
949 3398 1106 3479 reliquisti.

456 3712 534 3776 Novi
557 3713 703 3794 quendam
724 3713 904 3794 praesulem,
925 3713 1013 3775 deum
1036 3715 1086 3794 qui
1108 3715 1240 3790 timebat,

397 3845 510 3909 Bonum
532 3853 563 3907 et
582 3844 761 3924 rnunilieurn,
782 3852 815 3907 ut
835 3845 911 3907 fama
933 3845 1059 3923 ferebat,

319 4048 322 4055 ,
398 3977 454 4040 llio
475 3979 655 4059 quadrantes
677 3979 793 4060 aliquos
815 3981 846 4041 in
866 3978 957 4041 bursa
979 3978 1115 4060 gerebat,

398 4110 480 4183 Quos
501 4112 567 4192 ipse
588 4073 768 4192 pauperibus
791 4111 880 4174 dabat
901 4109 950 4172 vel
971 4108 1112 4172 mittebat.
