3060 5220
662 653 841 706 cnunntn.

374 870 536 931 luventutis
559 867 693 930 stimulos
714 887 804 948 posse
827 885 981 948 superare,

314 1005 493 1065 lncentivum
517 1003 652 1082 corporis
675 998 784 1062 lrellum
807 999 947 1076 tolerare,

314 1135 442 1197 Motibus
465 1133 604 1196 indebitis
627 1151 746 1214 semper
767 1150 947 1216 repugnare,

314 1268 356 1327 Tc
377 1269 444 1328 vice
466 1268 599 1347 martyrii
621 1271 745 1346 possunt
766 1282 921 1326 coronare.

377 1580 449 1652 Quis
471 1581 510 1641 sit
531 1578 615 1640 labor
631 1596 750 1658 ‘ponere
772 1576 891 1638 modum
912 1575 1065 1655 voluptati,

315 1713 481 1792 Numquam
503 1712 698 1790 acquiescere
721 1710 819 1770 carnis
840 1707 965 1785 levitati,

317 1845 376 1906 Sed
399 1862 518 1924 semper
540 1844 685 1904 resistere
707 1841 892 1903 sensualitati

317 1979 441 2055 Norunt,
463 1979 512 2056 qui
535 1977 592 2037 hoc
613 1974 729 2055 proelio
751 1981 820 2035 sunt
841 1975 1007 2036 exercitati.

381 2293 460 2369 lesu,
481 2293 531 2371 qui
554 2290 686 2369 quotidie
707 2307 762 2370 pro
784 2294 814 2349 te
835 2287 1008 2368 proeliatur,

319 2425 376 2485 Pro
398 2432 428 2484 te
450 2443 484 2485 se
505 2423 671 2500 mortificat,
691 2441 747 2503 pro
770 2429 799 2482 te
821 2422 979 2495 cruciatur,

321 2557 427 2618 lllcrito
448 2556 628 2638 martyribus
650 2557 709 2617 tuis
731 2554 863 2617 sociatur

321 2690 357 2750 Et
378 2696 546 2751 sauctorum
567 2688 663 2772 gloria
686 2691 752 2750 iure
774 2694 941 2749 coronatur.

384 3003 468 3064 Hanc
489 3009 631 3084 exspecta
653 3002 780 3090 gloriam
802 3009 922 3064 strenua
945 3000 1095 3079 bellatrix,

323 3135 473 3198 Adiuvent
494 3141 534 3211 te,
555 3152 679 3214 quarum
702 3153 736 3196 es
756 3137 804 3216 pia
826 3134 1005 3211 famulatrix,
1055 3129 1058 3133 ’

323 3268 418 3350 Virgo
439 3275 543 3345 mater,
564 3269 713 3351 virginum
735 3270 783 3349 pia
805 3267 999 3344 consolatrix,

323 3400 406 3463 Assit
428 3401 491 3479 tihi,
513 3409 581 3462 tuae
603 3402 642 3463 sit
662 3418 781 3483 pugnae
803 3401 1043 3461 consummatrix.

387 3714 536 3796 Quidquid
557 3716 634 3796 agis,
655 3713 776 3776 studeas
799 3712 887 3775 finem
907 3713 1086 3793 praevidere

325 3850 362 3911 Et
383 3852 412 3911 in
434 3829 512 3911 diem
533 3847 667 3909 ultimum
688 3847 741 3908 tibi
762 3844 933 3927 providere,

325 3982 397 4043 Fine
419 3981 515 4062 qualis
536 3980 639 4042 ultimo
662 3980 743 4059 capis
764 3995 920 4059 apparere,

326 4113 427 4176 Talem
449 4121 559 4174 tenon
582 4114 701 4174 desinas
724 4114 782 4173 iam
804 4129 882 4173 nunc
904 4094 1059 4172 exhibere.
