3060 5220
734 662 960 717 GlLLEBEllTl

456 877 535 954 Audi
556 896 635 940 nunc
656 881 830 960 mysterium
852 880 1028 943 excellentis
1049 885 1105 960 rei,

396 1011 521 1095 Propter
542 1010 600 1074 hoc
622 1011 718 1074 electa
740 1029 785 1089 es,
806 1019 838 1073 ut
859 1014 901 1074 sis
922 1030 1032 1093 sponsa
1053 1012 1113 1090 dei,

396 1144 531 1207 Christus
552 1163 680 1227 sponsus
702 1151 769 1207 tuus
791 1150 847 1224 est,
868 1148 953 1208 cuius
974 1148 1088 1227 speciei

396 1275 496 1338 Decor
515 1277 611 1357 pascit
631 1275 768 1358 angelos,
789 1278 840 1356 qui
861 1277 1027 1340 ministrant
1048 1279 1086 1339 ei.

458 1589 490 1650 ln
512 1596 542 1651 te
563 1589 622 1652 sibi
643 1588 737 1652 voluit
757 1589 897 1671 templum
918 1589 1069 1666 dedicare,

398 1721 512 1794 Quanta
533 1721 689 1805 diligentia
711 1722 804 1785 debes
825 1722 883 1786 hoc
904 1740 1023 1800 ornare,

398 1855 484 1928 Quod
505 1853 659 1918 coelorum
680 1855 816 1917 dominus
837 1873 897 1918 non
918 1854 1014 1919 solum
1035 1857 1157 1933 intrare,

355 2021 359 2027 ·
398 1986 458 2049 Sed
480 2006 547 2049 curn
567 1988 631 2050 suis
652 1986 768 2070 angelis
789 1987 852 2049 vult
872 1987 1059 2050 inhabitare?

461 2301 493 2365 Si
516 2309 666 2384 potentem
687 2303 834 2385 hospitem
855 2300 937 2365 lores
958 2307 1143 2382 susceptura,

398 2433 577 2496 Provideres
598 2436 701 2514 utique
722 2433 858 2517 diligenti
879 2453 960 2511 cura,

397 2564 435 2627 Et
456 2566 568 2630 cunctis
589 2568 781 2648 praeciperes
802 2567 858 2629 sub
878 2569 966 2650 gravi
987 2584 1124 2645 censura,

400 2699 445 2759 Ne
467 2698 539 2778 quid
559 2700 625 2779 ipse
647 2705 786 2760 cerneret
806 2700 863 2760 nisi
884 2697 1038 2780 placitura.

460 3010 536 3072 Vide
557 3028 645 3087 nunc,
667 3012 821 3091 suscipere
843 3016 953 3089 quanta
974 3008 1128 3092 diligentia

399 3143 500 3205 Debes
522 3142 610 3220 hunc,
631 3144 682 3224 qui
704 3144 836 3207 continet
856 3150 887 3204 et
907 3143 1056 3225 gubernat
1076 3144 1179 3219 omnia,

402 3275 469 3355 Qui,
490 3278 516 3338 si
537 3274 617 3338 nulla
638 3275 747 3339 viderit
767 3277 1017 3352 inconvenientia,

399 3408 525 3469 Domum
546 3406 689 3469 ineffabili
711 3405 883 3470 sublimabit
902 3409 1009 3491 gratia.

461 3721 544 3806 Ergo
566 3730 624 3784 tarn
646 3722 804 3805 magnifica
826 3720 948 3804 dignum
969 3721 1124 3784 maiestate

402 3856 487 3919 llunc
508 3856 619 3920 adorna
640 3855 799 3918 thalamum
820 3872 935 3918 morum
955 3853 1122 3929 honestate,

402 3988 481 4051 Nihil
502 3991 532 4051 in
554 3995 584 4049 te
605 3988 705 4066 lateat,
726 3986 767 4049 nil
788 3986 932 4069 procedat
952 4004 969 4046 a
991 3991 1031 4063 te,

401 4119 465 4181 Nisi
487 4119 567 4200 quod
588 4121 746 4183 conveniat
766 4121 876 4202 virgini
898 4123 1045 4181 sensatae.
