3060 5220
621 777 624 784 ¹
661 697 839 751 CAlllllllA.

368 913 577 994 Cuiuscunque
597 919 726 974 mentem
746 911 823 975 hacc
842 914 974 976 suavitas
995 912 1122 989 obsedit,

307 1047 348 1111 Se
369 1046 588 1127 decipientibus
607 1044 675 1128 plus
696 1064 785 1126 quam
805 1045 864 1109 sibi
885 1045 990 1123 credit,

305 1180 390 1243 Felix
411 1181 495 1243 cuius
516 1179 630 1242 animus
651 1175 755 1258 procul
775 1165 852 1240 hinc.
864 1175 989 1253 recedit,

305 1311 362 1384 Qui
384 1329 441 1374 nec
462 1311 512 1373 isti
532 1310 605 1373 vitio
626 1308 754 1373 laeditur
774 1308 952 1373 nec‘lacdit.

368 1626 440 1690 Cum
461 1629 501 1690 sit
520 1626 632 1690 decens
653 1625 818 1706 quemlibet
837 1625 969 1708 linguam
990 1625 1142 1688 domuisse

304 1758 342 1820 Et
362 1759 408 1822 ori
430 1757 595 1821 custodiam
616 1757 876 1838 circumposuisse,

305 1888 401 1973 Virgo
422 1888 531 1952 Christi
553 1888 666 1952 credita
686 1890 792 1951 timeas
813 1886 938 1963 dixisse,

305 2019 453 2102 Quidquid
475 2019 529 2083 tibi
550 2019 656 2082 melius
677 2018 757 2083 lorct
777 2021 916 2082 tacuisse.

366 2335 398 2397 ln
420 2343 450 2397 te
470 2336 656 2399 taciturnitas
677 2337 721 2398 sic
741 2334 833 2397 debet
852 2339 962 2413 ornari,

306 2466 343 2528 Ut
362 2467 513 2548 loquentis
533 2467 667 2549 pondera
687 2468 797 2531 iustum
818 2469 858 2530 sit
878 2470 980 2546 amari,

269 2648 278 2667 .
306 2600 455 2682 Quidquid
476 2619 576 2665 coram
597 2599 731 2682 pluribus
753 2599 909 2664 crubescis
930 2598 997 2677 lari,

306 2729 371 2794 lloc
391 2732 422 2793 in
442 2737 542 2793 mente
563 2731 652 2793 tacita
673 2731 769 2814 pudor
789 2732 830 2794 sit
849 2732 974 2795 versari.

367 3043 404 3106 Et
426 3063 479 3108 cur
499 3046 577 3108 lroc‘l
599 3045 672 3118 Quis
688 3044 771 3107 videt
788 3045 867 3109 lucc?
889 3045 1010 3107 Certum
1027 3051 1074 3107 est
1090 3045 1194 3107 videre

307 3172 400 3253 illum,
423 3174 507 3235 cuius
528 3172 632 3238 oculos
653 3174 695 3236 nil
715 3180 815 3255 potest
834 3171 940 3250 latere,

307 3303 418 3367 Tantae
438 3306 575 3386 puritatis
596 3306 660 3368 vult
679 3304 838 3368 thalamum
859 3304 982 3382 habere,

306 3435 423 3498 Nullam
443 3451 568 3516 prorsus
589 3435 733 3498 maculam
754 3441 853 3517 potest
872 3436 1031 3498 sustinere.

368 3753 507 3815 Puritatis
528 3751 621 3815 decor
641 3751 699 3829 hic,
719 3767 808 3831 qucm
828 3756 861 3813 tu
882 3751 1017 3814 dilectori

308 3883 372 3946 l'uo
394 3883 498 3962 debes,
518 3884 650 3946 nascitur
670 3881 709 3944 ab
729 3883 877 3960 interiori,

308 4013 384 4074 Dum
405 4012 546 4076 coelestis
567 4030 728 4095 praeparas
750 4019 923 4076 ornamenta
944 4013 1032 4090 thori,

310 4143 406 4207 Cultni
427 4162 487 4208 non
508 4163 630 4228 operam
651 4146 706 4210 des
727 4146 881 4209 exteriori.
