3060 5220
740 663 963 715 ululabunt!

467 878 573 939 Multas
595 879 653 939 iam
675 877 820 939 eeclesias
841 895 945 939 omnes
967 879 1137 953 habeamus,

405 1010 520 1073 Nullam
542 1011 612 1072 inde
634 1010 768 1072 contrahi
791 1011 905 1092 eulpam
927 1012 1092 1084 timeamus,

405 1142 462 1203 Per
484 1149 602 1204 nostros
624 1143 753 1204 vicarios
775 1145 888 1205 animas
910 1160 1061 1225 regamus,

405 1275 467 1336 Nos
488 1276 545 1355 ipsi
567 1272 713 1357 colligere
734 1274 838 1357 fruges
861 1274 1041 1336 studeamus.

395 1504 412 1547 a

468 1587 590 1648 Animas
611 1587 716 1647 vicarii
737 1584 876 1646 studeant
895 1585 1023 1663 salvare,

407 1719 468 1782 Nos
490 1721 547 1800 ipsi
568 1718 752 1780 studebimus
774 1734 883 1779 census
905 1736 1105 1800 congregare,

407 1852 473 1913 Non
496 1857 614 1932 oportet
635 1849 763 1930 aliquem
785 1847 900 1930 crrlpam
922 1848 1093 1927 formidare,

407 1978 575 2040 Decretista
598 1977 724 2058 quilibet
745 1981 802 2040 scit
824 1978 1032 2040 determinare.

470 2291 541 2353 Tam
561 2290 725 2372 prudenter
746 2294 842 2372 aperit
863 2289 940 2352 diota
961 2291 1183 2370 scripturarum,

408 2422 548 2494 Quamvis
570 2428 673 2502 pastor
693 2421 819 2504 plurium
841 2424 884 2484 sis
906 2421 1102 2484 eeclesiarum

410 2557 446 2617 Et
468 2556 625 2618 multarum
647 2556 771 2639 colligas
793 2556 908 2618 fructus
929 2555 1177 2636 praebendarum,

411 2685 446 2746 Ut
467 2704 591 2748 securus
612 2686 725 2748 babeas
745 2687 860 2760 reditus
883 2705 994 2749 earum.

472 2999 514 3062 Os
536 3007 617 3062 tuum
638 2999 748 3061 malitia
769 2999 889 3080 plenum
910 3006 958 3061 est
979 3006 1009 3060 et
1029 2997 1192 3075 fraudibus,

409 3132 533 3195 Nobiles
555 3133 702 3195 dilaceras
723 3135 885 3195 venenosis
908 3132 1057 3211 dentibus,

410 3263 473 3340 Vis,
494 3271 526 3324 ut
547 3266 596 3341 sit,
616 3265 667 3342 qui
689 3271 775 3326 uatus
797 3270 844 3326 est
864 3264 902 3325 de
923 3265 1130 3339 nobilioribus,

411 3402 502 3465 Unius
523 3401 745 3485 praebendulae
766 3408 922 3464 contentus
944 3399 1104 3462 reditibus!

472 3717 581 3781 Multos
603 3717 694 3778 debet
715 3714 823 3778 nobilis
844 3714 882 3776 ad
903 3731 1036 3775 mensam
1057 3730 1178 3790 vocare,

411 3849 526 3932 Largus
547 3846 737 3909 venientibus
759 3853 873 3907 sumtus
894 3861 1086 3926 praeparare,
1120 3844 1122 3851 '

410 3984 564 4066 Proprium
586 3991 633 4044 est
653 3980 761 4044 nobilis
783 3983 892 4042 nemini
914 3998 1041 4062 negare;

411 4114 476 4177 Hoc
496 4133 555 4176 una
576 4113 778 4196 praebendula
799 4116 904 4196 nequit
924 4118 1018 4175 totum
1040 4113 1121 4174 dare.
