3060 5220
541 676 770 730 PRAEFATIO.
1156 678 1199 728 XV

115 879 332 948 tuariensis
355 876 671 972 archiepiscopi,
690 879 833 966 tertium,
855 875 970 946 iudea
988 875 1046 950 fol.
1068 875 1138 947 113
1156 899 1197 966 r,

113 1026 202 1096 Vita
236 1025 376 1095 Domni
409 1024 559 1098 Aenean
592 1024 656 1118 Ep.
688 1024 946 1114 Leodiensis3
981 1035 1131 1118 quartum
1165 1032 1199 1093 et

115 1175 276 1266 quintmn,
302 1194 321 1241 a
347 1170 406 1242 lol.
429 1172 497 1243 137
517 1172 558 1243 ad
583 1172 654 1242 146
681 1172 878 1246 timendam
909 1178 1082 1246 carmina
1109 1176 1195 1249 duo.

112 1321 189 1392 Fuit
216 1320 295 1392 olim
322 1323 517 1393 monasterii
542 1320 798 1415 Heplichsem
824 1323 857 1391 in
874 1321 1052 1393 Brabantia
1077 1326 1197 1394 orien-

112 1469 180 1560 tali,
206 1478 240 1538 et
265 1470 325 1537 vix
352 1466 487 1537 dubium
513 1477 582 1558 est,
613 1471 690 1560 quin
715 1466 761 1537 ibi
788 1467 887 1539 luerit
913 1472 1069 1564 scriptus,
1096 1492 1195 1562 qumn

112 1616 214 1687 iidem
246 1615 427 1685 litterarum
461 1616 675 1689 characteres
710 1620 743 1687 in
782 1616 947 1712 plurimis,
989 1619 1043 1709 qui
1077 1637 1122 1687 ex
1156 1638 1197 1688 ea
1295 1654 1298 1659 ·

111 1768 287 1858 provincia
313 1766 444 1836 oriundi
470 1774 556 1854 sunt,
584 1762 756 1835 codicibus
784 1768 1041 1860 conspiciantur.
1083 1756 1086 1762 ’

212 1915 385 1987 Gilleberti
430 1937 554 1986 nomen
600 1914 718 1986 litteris
764 1916 943 2007 primarum
985 1914 1196 2010 stropharum

32 2104 37 2111 ·
113 2066 252 2137 secundi
278 2067 434 2137 carminis
460 2064 637 2136 initialibus
663 2085 864 2158 expressum
889 2073 957 2154 est,
984 2075 1017 2135 et
1043 2067 1195 2159 quamvis

111 2217 268 2309 primum,
294 2214 384 2308 quod
410 2214 456 2285 de
482 2211 766 2308 superfluitate
800 2212 1037 2285 clericorum
1070 2214 1196 2286 inscri-

111 2360 213 2452 bitur,
252 2360 331 2431 illud
364 2383 446 2456 prae
482 2383 520 2431 se
553 2382 622 2431 non
656 2358 757 2449 ferat,
797 2368 908 2428 tamen
946 2358 1088 2431 dubitari
1126 2384 1194 2432 non

111 2516 236 2604 polest,
264 2511 341 2602 quin
365 2518 540 2600 utrmnque
557 2508 701 2578 eundem
726 2505 848 2577 habeat
870 2515 1052 2578 auctorem.
1088 2507 1195 2577 Tanta

112 2659 201 2727 enim
226 2666 278 2729 est
301 2657 455 2730 dictionis
480 2666 513 2727 et
533 2656 791 2731 versificationis
809 2660 998 2750 similitudo,
1025 2668 1058 2727 et
1076 2654 1193 2727 eadem

110 2805 208 2900 plane
230 2807 401 2899 utriusque
424 2807 556 2880 indoles
579 2831 619 2878 ac
641 2816 769 2895 natura,
796 2816 842 2895 ut,
871 2807 926 2898 qui
942 2814 1055 2896 neget,
1081 2807 1194 2874 nemi-

109 2975 187 3023 nem
213 2974 291 3024 esse
317 2953 463 3025 credam.
502 2954 604 3024 Primi
629 2956 783 3025 carminis
811 2975 849 3024 se
875 2963 1046 3025 auctorem
1064 2952 1192 3022 idcirco

109 3100 260 3173 noluisse
273 3102 406 3173 videtur
418 3101 579 3197 profiteri,
588 3125 632 3172 ne
644 3090 678 3173 in
694 3125 811 3174 eorum
824 3106 1010 3174 incurreret
1023 3102 1192 3192 invidiam,

110 3274 251 3345 quorum
277 3256 533 3347 perversitatem
560 3262 625 3323 tam
650 3254 739 3324 vivis
763 3250 935 3323 coloribus
958 3250 1166 3345 depinxerat.

207 3401 244 3471 ln
275 3402 515 3474 constituendis
549 3411 671 3496 poetae
704 3401 820 3473 verbis
851 3402 1028 3493 diligenter
1062 3401 1191 3472 codicis

108 3552 212 3645 ipsius
239 3553 383 3642 vestigia
409 3573 481 3623 sum
507 3560 654 3641 secutus,
681 3553 725 3622 ita
749 3560 871 3640 tamen,
898 3558 944 3641 ut,
971 3571 1055 3643 quae
1082 3551 1193 3619 mani-

108 3698 197 3771 festo
231 3698 413 3794 depravata
447 3708 576 3790 essent,
611 3699 781 3771 studerem
814 3699 1006 3770 emendare,
1074 3696 1192 3790 Neque

92 3847 383 3943 orthographiae,
412 3851 556 3942 quaein
580 3851 690 3920 veteri
716 3847 802 3918 libro
829 3856 897 3937 est,
923 3849 1104 3936 rationem,
1135 3843 1191 3915 ubi

107 3994 150 4067 ab
173 4019 225 4086 ea,
252 4018 315 4090 qua
336 3996 442 4088 vulgo
464 3999 511 4067 uti
537 3996 698 4086 solemus,
724 3991 947 4088 discrepabat,
972 3995 1103 4083 retinui,
1130 3993 1191 4065 sed
1247 3968 1257 3997 ⁹

108 4123 300 4237 ublcunque
336 4167 355 4214 e
388 4166 451 4239 pro
486 4168 548 4236 ae,
582 4167 616 4215 v.
653 4167 681 4216 c.
716 4143 805 4233 hec,
839 4142 933 4233 ledi,
966 4143 1093 4233 heret,
1127 4167 1191 4239 pro
