3060 5220
572 647 751 700 CARMINA.

279 863 468 944 Reprehendi
489 869 624 926 metuens
646 863 686 926 nil
707 863 761 925 tibi
781 862 914 945 negabit,

217 993 275 1057 Pro
295 996 358 1056 suis
380 994 557 1057 excessibus
579 1012 726 1075 quemque
746 993 925 1070 formidabit,

217 1125 297 1188 Dare
319 1133 410 1208 coget
430 1124 516 1204 alios,
537 1127 602 1207 ipse
623 1143 743 1206 quoque
765 1124 856 1202 dabit,

217 1257 282 1320 Nou
303 1276 398 1335 snum,
419 1256 474 1320 sed
495 1263 577 1319 tuum
598 1263 655 1335 est,
676 1256 818 1337 quidquid
840 1256 1046 1339 congregabit.

280 1570 347 1632 Tibi
368 1571 406 1632 sit
427 1576 588 1631 extraneus
609 1569 754 1631 barbarus
777 1574 807 1629 et
828 1566 947 1650 Scytha,

214 1702 273 1775 Oui
294 1720 354 1765 non
374 1702 457 1765 novit
478 1701 580 1765 dicere
601 1703 659 1765 nisi
680 1718 748 1763 non
768 1699 818 1762 vei
839 1701 903 1776 ita,

215 1834 305 1897 Cuius
327 1852 475 1914 nunquam
495 1834 605 1914 poterit
624 1831 803 1914 reprebendi
824 1833 894 1907 vita,

214 1964 261 2028 Nil
282 1966 336 2028 tibi
357 1965 531 2042 lucrabitur,
552 1962 634 2025 illum
655 1970 687 2025 tu
708 1962 815 2025 devita.

276 2276 380 2339 Omnia
402 2276 552 2340 subtiliter
573 2284 603 2338 et
623 2278 701 2338 bene
723 2277 836 2354 dixisti,

214 2410 294 2473 Duas
315 2428 393 2473 nuno
414 2412 559 2474 ecelesias
581 2416 668 2473 caute
688 2408 834 2487 locavisti,

213 2536 296 2611 Quae
317 2548 412 2620 vacat,
434 2541 472 2604 de
494 2543 581 2604 tertia
602 2542 673 2623 quid
694 2541 888 2625 disposuisti?

212 2672 301 2752 Audi,
322 2673 409 2755 quale
431 2673 568 2736 dominus
589 2693 766 2756 responsum
787 2675 838 2738 det
860 2677 917 2739 isti.

272 2987 370 3060 Quid?
391 2987 480 3066 illam,
501 3005 579 3068 quae
600 2990 690 3051 tritici
712 2989 826 3051 modios
849 2988 898 3050 dat
919 2995 1046 3066 eentum,

211 3119 288 3182 Vasa
310 3120 371 3181 vini
393 3119 560 3200 quindecim
581 3126 621 3198 et,
642 3127 762 3203 praeter
782 3126 948 3203 argentum,

211 3253 267 3314 Dat
289 3270 395 3332 equos,
416 3252 465 3315 dat
487 3253 598 3332 asinos,
620 3272 733 3337 greges
756 3260 786 3315 et
807 3253 991 3315 armentum?

211 3383 293 3448 Hauc
314 3385 378 3448 dari
400 3403 459 3447 nou
480 3385 605 3448 suadeat
624 3385 701 3449 ullus
723 3387 897 3469 sapientum.

270 3696 381 3758 Vivens
404 3696 461 3759 boc
481 3698 626 3759 vivarium
647 3696 720 3759 nulli
740 3696 913 3778 resignabo,

208 3828 274 3891 Non
295 3848 361 3892 sum
382 3836 441 3891 tam
461 3829 654 3910 improvidus,
679 3835 739 3891 tam
758 3827 866 3911 lippus,
891 3833 950 3889 tam
971 3827 1083 3905 strabo,

208 3961 287 4023 Dare
309 3963 335 4024 si
357 3963 526 4045 contigerit,
547 3961 617 4025 huic
637 3967 751 4042 septem
774 3959 861 4037 dabo,

207 4092 262 4156 Rei
283 4111 391 4156 nomen
411 4093 530 4172 babeat,
552 4111 611 4177 ego
632 4111 696 4155 rem
717 4093 855 4156 servabo.
