<?xml version="1.0" encoding="UTF-8"?>
<!DOCTYPE html PUBLIC "-//W3C//DTD XHTML 1.0 Transitional//EN"
    "http://www.w3.org/TR/xhtml1/DTD/xhtml1-transitional.dtd">
<html xmlns="http://www.w3.org/1999/xhtml" xml:lang="en" lang="en">
 <head>
  <title>
</title>
<meta http-equiv="Content-Type" content="text/html;charset=utf-8" />
  <meta name='ocr-system' content='tesseract 3.04.00' />
  <meta name='ocr-capabilities' content='ocr_page ocr_carea ocr_par ocr_line ocrx_word'/>
</head>
<body>
  <div class='ocr_page' id='page_1' title='image "./gilleberticarmi00gilbgoog_0091.png"; bbox 0 0 3060 5220; ppageno 0'>
   <div class='ocr_carea' id='block_1_1' title="bbox 741 654 966 709">
    <p class='ocr_par' dir='ltr' id='par_1_1' title="bbox 741 654 966 709">
     <span class='ocr_line' id='line_1_1' title="bbox 741 654 966 709; baseline 0.004 -3"><span class='ocrx_word' id='word_1_1' title='bbox 741 654 966 709; x_wconf 77' lang='lat' dir='ltr'><strong>erutuuuurr</strong></span> 
     </span>
    </p>
   </div>
   <div class='ocr_carea' id='block_1_2' title="bbox 402 869 1209 1349">
    <p class='ocr_par' dir='ltr' id='par_1_2' title="bbox 402 869 1209 1349">
     <span class='ocr_line' id='line_1_2' title="bbox 468 869 1141 953; baseline 0.009 -23"><span class='ocrx_word' id='word_1_2' title='bbox 468 869 504 930; x_wconf 89' lang='lat' dir='ltr'><strong>Ut</strong></span> <span class='ocrx_word' id='word_1_3' title='bbox 524 876 683 952; x_wconf 83' lang='lat' dir='ltr'><strong>praecepta</strong></span> <span class='ocrx_word' id='word_1_4' title='bbox 705 871 816 934; x_wconf 87' lang='lat' dir='ltr'><strong>damini</strong></span> <span class='ocrx_word' id='word_1_5' title='bbox 837 874 882 936; x_wconf 87' lang='lat' dir='ltr'><strong>sie</strong></span> <span class='ocrx_word' id='word_1_6' title='bbox 902 875 981 936; x_wconf 87' lang='lat' dir='ltr'><strong>scias</strong></span> <span class='ocrx_word' id='word_1_7' title='bbox 1002 873 1141 953; x_wconf 85' lang='lat' dir='ltr'><strong>tenenda,</strong></span> 
     </span>
     <span class='ocr_line' id='line_1_3' title="bbox 405 1000 1156 1085; baseline 0.008 -23"><span class='ocrx_word' id='word_1_8' title='bbox 405 1000 442 1063; x_wconf 91' lang='lat' dir='ltr'><strong>Ut</strong></span> <span class='ocrx_word' id='word_1_9' title='bbox 462 1020 519 1064; x_wconf 88' lang='lat' dir='ltr'><strong>nee</strong></span> <span class='ocrx_word' id='word_1_10' title='bbox 539 1020 631 1083; x_wconf 86' lang='lat' dir='ltr'><strong>parva</strong></span> <span class='ocrx_word' id='word_1_11' title='bbox 652 1002 804 1082; x_wconf 86' lang='lat' dir='ltr'><strong>quaelibet</strong></span> <span class='ocrx_word' id='word_1_12' title='bbox 824 1011 910 1085; x_wconf 94' lang='lat' dir='ltr'><strong>putes</strong></span> <span class='ocrx_word' id='word_1_13' title='bbox 932 1005 1156 1082; x_wconf 83' lang='lat' dir='ltr'><strong>contemnenda,</strong></span> 
     </span>
     <span class='ocr_line' id='line_1_4' title="bbox 403 1133 1209 1218; baseline 0.005 -22"><span class='ocrx_word' id='word_1_14' title='bbox 403 1133 534 1207; x_wconf 79' lang='lat' dir='ltr'><strong>Quaevis</strong></span> <span class='ocrx_word' id='word_1_15' title='bbox 555 1153 646 1215; x_wconf 89' lang='lat' dir='ltr'><strong>parva</strong></span> <span class='ocrx_word' id='word_1_16' title='bbox 667 1135 762 1198; x_wconf 87' lang='lat' dir='ltr'><strong>iussio</strong></span> <span class='ocrx_word' id='word_1_17' title='bbox 783 1154 871 1217; x_wconf 86' lang='lat' dir='ltr'><strong>quam</strong></span> <span class='ocrx_word' id='word_1_18' title='bbox 891 1153 951 1198; x_wconf 87' lang='lat' dir='ltr'><strong>non</strong></span> <span class='ocrx_word' id='word_1_19' title='bbox 972 1138 1011 1199; x_wconf 95' lang='lat' dir='ltr'><strong>sit</strong></span> <span class='ocrx_word' id='word_1_20' title='bbox 1030 1138 1209 1218; x_wconf 92' lang='lat' dir='ltr'><strong>spernenda,</strong></span> 
     </span>
     <span class='ocr_line' id='line_1_5' title="bbox 402 1266 1134 1349; baseline 0.005 -22"><span class='ocrx_word' id='word_1_21' title='bbox 402 1266 491 1330; x_wconf 82' lang='lat' dir='ltr'><strong>Primi</strong></span> <span class='ocrx_word' id='word_1_22' title='bbox 512 1267 601 1330; x_wconf 82' lang='lat' dir='ltr'><strong>docet</strong></span> <span class='ocrx_word' id='word_1_23' title='bbox 620 1267 749 1330; x_wconf 88' lang='lat' dir='ltr'><strong>hominis</strong></span> <span class='ocrx_word' id='word_1_24' title='bbox 769 1285 866 1349; x_wconf 88' lang='lat' dir='ltr'><strong>poena</strong></span> <span class='ocrx_word' id='word_1_25' title='bbox 887 1285 1007 1349; x_wconf 87' lang='lat' dir='ltr'><strong>semper</strong></span> <span class='ocrx_word' id='word_1_26' title='bbox 1028 1267 1134 1331; x_wconf 89' lang='lat' dir='ltr'><strong>llenda.</strong></span> 
     </span>
    </p>
   </div>
   <div class='ocr_carea' id='block_1_3' title="bbox 398 1579 1124 2063">
    <p class='ocr_par' dir='ltr' id='par_1_3' title="bbox 398 1579 1124 2063">
     <span class='ocr_line' id='line_1_6' title="bbox 463 1579 1121 1663; baseline 0.005 -22"><span class='ocrx_word' id='word_1_27' title='bbox 463 1580 501 1642; x_wconf 87' lang='lat' dir='ltr'><strong>Ul</strong></span> <span class='ocrx_word' id='word_1_28' title='bbox 520 1579 665 1643; x_wconf 83' lang='lat' dir='ltr'><strong>offensam</strong></span> <span class='ocrx_word' id='word_1_29' title='bbox 684 1581 778 1663; x_wconf 88' lang='lat' dir='ltr'><strong>igitur</strong></span> <span class='ocrx_word' id='word_1_30' title='bbox 798 1583 886 1643; x_wconf 89' lang='lat' dir='ltr'><strong>times</strong></span> <span class='ocrx_word' id='word_1_31' title='bbox 907 1583 1121 1662; x_wconf 85' lang='lat' dir='ltr'><strong>praeceptoris,</strong></span> 
     </span>
     <span class='ocr_line' id='line_1_7' title="bbox 401 1714 1124 1796; baseline -0.001 -19"><span class='ocrx_word' id='word_1_32' title='bbox 401 1714 451 1777; x_wconf 87' lang='lat' dir='ltr'><strong>Sic</strong></span> <span class='ocrx_word' id='word_1_33' title='bbox 471 1719 670 1794; x_wconf 84' lang='lat' dir='ltr'><strong>contemptum</strong></span> <span class='ocrx_word' id='word_1_34' title='bbox 689 1714 795 1776; x_wconf 86' lang='lat' dir='ltr'><strong>timeas</strong></span> <span class='ocrx_word' id='word_1_35' title='bbox 816 1715 969 1796; x_wconf 79' lang='lat' dir='ltr'><strong>praecepti</strong></span> <span class='ocrx_word' id='word_1_36' title='bbox 990 1714 1124 1792; x_wconf 87' lang='lat' dir='ltr'><strong>minoris,</strong></span> 
     </span>
     <span class='ocr_line' id='line_1_8' title="bbox 398 1845 1021 1924; baseline 0.002 -16"><span class='ocrx_word' id='word_1_37' title='bbox 398 1845 447 1908; x_wconf 89' lang='lat' dir='ltr'><strong>Nil</strong></span> <span class='ocrx_word' id='word_1_38' title='bbox 468 1845 587 1908; x_wconf 91' lang='lat' dir='ltr'><strong>servilis</strong></span> <span class='ocrx_word' id='word_1_39' title='bbox 608 1853 727 1909; x_wconf 90' lang='lat' dir='ltr'><strong>maneat</strong></span> <span class='ocrx_word' id='word_1_40' title='bbox 747 1847 823 1908; x_wconf 89' lang='lat' dir='ltr'><strong>intra</strong></span> <span class='ocrx_word' id='word_1_41' title='bbox 844 1852 875 1908; x_wconf 91' lang='lat' dir='ltr'><strong>te</strong></span> <span class='ocrx_word' id='word_1_42' title='bbox 896 1848 1021 1924; x_wconf 87' lang='lat' dir='ltr'><strong>timoris,</strong></span> 
     </span>
     <span class='ocr_line' id='line_1_9' title="bbox 398 1977 1090 2063; baseline 0.004 -23"><span class='ocrx_word' id='word_1_43' title='bbox 398 1977 484 2041; x_wconf 92' lang='lat' dir='ltr'><strong>Nulla</strong></span> <span class='ocrx_word' id='word_1_44' title='bbox 504 1997 596 2062; x_wconf 87' lang='lat' dir='ltr'><strong>parva</strong></span> <span class='ocrx_word' id='word_1_45' title='bbox 617 1980 752 2063; x_wconf 89' lang='lat' dir='ltr'><strong>negligat</strong></span> <span class='ocrx_word' id='word_1_46' title='bbox 772 1997 880 2062; x_wconf 87' lang='lat' dir='ltr'><strong>magna</strong></span> <span class='ocrx_word' id='word_1_47' title='bbox 901 1980 948 2042; x_wconf 92' lang='lat' dir='ltr'><strong>vis</strong></span> <span class='ocrx_word' id='word_1_48' title='bbox 969 1982 1090 2043; x_wconf 88' lang='lat' dir='ltr'><strong>amoris.</strong></span> 
     </span>
    </p>
   </div>
   <div class='ocr_carea' id='block_1_4' title="bbox 393 2292 1121 2775">
    <p class='ocr_par' dir='ltr' id='par_1_4' title="bbox 393 2292 1121 2775">
     <span class='ocr_line' id='line_1_10' title="bbox 458 2292 1121 2376; baseline 0.005 -21"><span class='ocrx_word' id='word_1_49' title='bbox 458 2292 586 2376; x_wconf 84' lang='lat' dir='ltr'><strong>Magnus</strong></span> <span class='ocrx_word' id='word_1_50' title='bbox 606 2312 691 2356; x_wconf 88' lang='lat' dir='ltr'><strong>arnor</strong></span> <span class='ocrx_word' id='word_1_51' title='bbox 710 2297 856 2376; x_wconf 80' lang='lat' dir='ltr'><strong>praecipit</strong></span> <span class='ocrx_word' id='word_1_52' title='bbox 876 2297 975 2358; x_wconf 88' lang='lat' dir='ltr'><strong>omnia</strong></span> <span class='ocrx_word' id='word_1_53' title='bbox 996 2299 1121 2374; x_wconf 89' lang='lat' dir='ltr'><strong>servari,</strong></span> 
     </span>
     <span class='ocr_line' id='line_1_11' title="bbox 398 2426 1090 2509; baseline 0.004 -20"><span class='ocrx_word' id='word_1_54' title='bbox 398 2426 478 2489; x_wconf 91' lang='lat' dir='ltr'><strong>Nihil</strong></span> <span class='ocrx_word' id='word_1_55' title='bbox 499 2429 749 2508; x_wconf 78' lang='lat' dir='ltr'><strong>praetermittere,</strong></span> <span class='ocrx_word' id='word_1_56' title='bbox 770 2436 876 2491; x_wconf 80' lang='lat' dir='ltr'><strong>cuneta</strong></span> <span class='ocrx_word' id='word_1_57' title='bbox 897 2430 1090 2509; x_wconf 85' lang='lat' dir='ltr'><strong>perscrutari,</strong></span> 
     </span>
     <span class='ocr_line' id='line_1_12' title="bbox 395 2559 1018 2643; baseline 0 -21"><span class='ocrx_word' id='word_1_58' title='bbox 395 2559 446 2623; x_wconf 85' lang='lat' dir='ltr'><strong>Sie</strong></span> <span class='ocrx_word' id='word_1_59' title='bbox 466 2578 567 2623; x_wconf 89' lang='lat' dir='ltr'><strong>amare</strong></span> <span class='ocrx_word' id='word_1_60' title='bbox 588 2566 714 2643; x_wconf 79' lang='lat' dir='ltr'><strong>satagat,</strong></span> <span class='ocrx_word' id='word_1_61' title='bbox 735 2560 813 2623; x_wconf 88' lang='lat' dir='ltr'><strong>sicut</strong></span> <span class='ocrx_word' id='word_1_62' title='bbox 831 2560 895 2622; x_wconf 88' lang='lat' dir='ltr'><strong>vult</strong></span> <span class='ocrx_word' id='word_1_63' title='bbox 915 2561 1018 2639; x_wconf 89' lang='lat' dir='ltr'><strong>amari,</strong></span> 
     </span>
     <span class='ocr_line' id='line_1_13' title="bbox 393 2691 1119 2775; baseline 0.001 -21"><span class='ocrx_word' id='word_1_64' title='bbox 393 2691 496 2772; x_wconf 84' lang='lat' dir='ltr'><strong>Arnon,</strong></span> <span class='ocrx_word' id='word_1_65' title='bbox 517 2693 544 2755; x_wconf 92' lang='lat' dir='ltr'><strong>si</strong></span> <span class='ocrx_word' id='word_1_66' title='bbox 565 2692 636 2773; x_wconf 88' lang='lat' dir='ltr'><strong>quid</strong></span> <span class='ocrx_word' id='word_1_67' title='bbox 656 2691 795 2775; x_wconf 83' lang='lat' dir='ltr'><strong>negligit,</strong></span> <span class='ocrx_word' id='word_1_68' title='bbox 815 2710 874 2754; x_wconf 85' lang='lat' dir='ltr'><strong>nen</strong></span> <span class='ocrx_word' id='word_1_69' title='bbox 896 2691 987 2756; x_wconf 87' lang='lat' dir='ltr'><strong>debet</strong></span> <span class='ocrx_word' id='word_1_70' title='bbox 1006 2695 1119 2756; x_wconf 88' lang='lat' dir='ltr'><strong>vocari.</strong></span> 
     </span>
    </p>
   </div>
   <div class='ocr_carea' id='block_1_5' title="bbox 389 3005 1191 3484">
    <p class='ocr_par' dir='ltr' id='par_1_5' title="bbox 389 3005 1191 3484">
     <span class='ocr_line' id='line_1_14' title="bbox 452 3005 1191 3091; baseline -0.003 -22"><span class='ocrx_word' id='word_1_71' title='bbox 452 3005 533 3070; x_wconf 90' lang='lat' dir='ltr'><strong>Nihil</strong></span> <span class='ocrx_word' id='word_1_72' title='bbox 554 3024 630 3090; x_wconf 89' lang='lat' dir='ltr'><strong>ergo</strong></span> <span class='ocrx_word' id='word_1_73' title='bbox 651 3007 801 3091; x_wconf 84' lang='lat' dir='ltr'><strong>negligas,</strong></span> <span class='ocrx_word' id='word_1_74' title='bbox 822 3006 877 3069; x_wconf 88' lang='lat' dir='ltr'><strong>sed</strong></span> <span class='ocrx_word' id='word_1_75' title='bbox 898 3012 1003 3070; x_wconf 87' lang='lat' dir='ltr'><strong>cuneta</strong></span> <span class='ocrx_word' id='word_1_76' title='bbox 1025 3013 1191 3087; x_wconf 52' lang='lat' dir='ltr'><strong>scrutare„</strong></span> 
     </span>
     <span class='ocr_line' id='line_1_15' title="bbox 391 3140 1060 3216; baseline -0.003 -14"><span class='ocrx_word' id='word_1_77' title='bbox 391 3140 485 3204; x_wconf 89' lang='lat' dir='ltr'><strong>Parva</strong></span> <span class='ocrx_word' id='word_1_78' title='bbox 506 3159 574 3204; x_wconf 88' lang='lat' dir='ltr'><strong>eum</strong></span> <span class='ocrx_word' id='word_1_79' title='bbox 593 3141 757 3204; x_wconf 86' lang='lat' dir='ltr'><strong>maioribus</strong></span> <span class='ocrx_word' id='word_1_80' title='bbox 778 3140 900 3205; x_wconf 87' lang='lat' dir='ltr'><strong>studeas</strong></span> <span class='ocrx_word' id='word_1_81' title='bbox 921 3157 1060 3216; x_wconf 89' lang='lat' dir='ltr'><strong>servare;</strong></span> 
     </span>
     <span class='ocr_line' id='line_1_16' title="bbox 389 3270 1045 3354; baseline -0.002 -21"><span class='ocrx_word' id='word_1_82' title='bbox 389 3270 424 3333; x_wconf 92' lang='lat' dir='ltr'><strong>ln</strong></span> <span class='ocrx_word' id='word_1_83' title='bbox 443 3271 490 3335; x_wconf 92' lang='lat' dir='ltr'><strong>his</strong></span> <span class='ocrx_word' id='word_1_84' title='bbox 511 3290 604 3354; x_wconf 91' lang='lat' dir='ltr'><strong>pausa</strong></span> <span class='ocrx_word' id='word_1_85' title='bbox 625 3273 745 3354; x_wconf 88' lang='lat' dir='ltr'><strong>iugiter,</strong></span> <span class='ocrx_word' id='word_1_86' title='bbox 766 3273 798 3334; x_wconf 92' lang='lat' dir='ltr'><strong>in</strong></span> <span class='ocrx_word' id='word_1_87' title='bbox 818 3271 864 3334; x_wconf 90' lang='lat' dir='ltr'><strong>his</strong></span> <span class='ocrx_word' id='word_1_88' title='bbox 887 3271 1045 3348; x_wconf 89' lang='lat' dir='ltr'><strong>meditare,</strong></span> 
     </span>
     <span class='ocr_line' id='line_1_17' title="bbox 389 3402 1053 3484; baseline 0.002 -20"><span class='ocrx_word' id='word_1_89' title='bbox 389 3402 448 3465; x_wconf 88' lang='lat' dir='ltr'><strong>Per</strong></span> <span class='ocrx_word' id='word_1_90' title='bbox 467 3403 543 3466; x_wconf 86' lang='lat' dir='ltr'><strong>haee</strong></span> <span class='ocrx_word' id='word_1_91' title='bbox 563 3403 664 3465; x_wconf 83' lang='lat' dir='ltr'><strong>nrundi</strong></span> <span class='ocrx_word' id='word_1_92' title='bbox 685 3404 757 3466; x_wconf 91' lang='lat' dir='ltr'><strong>vitia</strong></span> <span class='ocrx_word' id='word_1_93' title='bbox 779 3403 877 3467; x_wconf 88' lang='lat' dir='ltr'><strong>diseas</strong></span> <span class='ocrx_word' id='word_1_94' title='bbox 900 3421 1053 3484; x_wconf 91' lang='lat' dir='ltr'><strong>superare.</strong></span> 
     </span>
    </p>
   </div>
   <div class='ocr_carea' id='block_1_6' title="bbox 386 3715 1174 4059">
    <p class='ocr_par' dir='ltr' id='par_1_6' title="bbox 386 3715 1174 4059">
     <span class='ocr_line' id='line_1_18' title="bbox 450 3715 1174 3800; baseline 0.001 -22"><span class='ocrx_word' id='word_1_95' title='bbox 450 3715 559 3780; x_wconf 80' lang='lat' dir='ltr'><strong>Contra</strong></span> <span class='ocrx_word' id='word_1_96' title='bbox 579 3715 771 3778; x_wconf 71' lang='lat' dir='ltr'><strong>mundititia</strong></span> <span class='ocrx_word' id='word_1_97' title='bbox 792 3733 918 3800; x_wconf 87' lang='lat' dir='ltr'><strong>magnus</strong></span> <span class='ocrx_word' id='word_1_98' title='bbox 940 3722 987 3779; x_wconf 93' lang='lat' dir='ltr'><strong>est</strong></span> <span class='ocrx_word' id='word_1_99' title='bbox 1009 3715 1174 3793; x_wconf 80' lang='lat' dir='ltr'><strong>conflictus,</strong></span> 
     </span>
     <span class='ocr_line' id='line_1_19' title="bbox 386 3847 1081 3928; baseline -0.001 -17"><span class='ocrx_word' id='word_1_100' title='bbox 386 3847 440 3911; x_wconf 92' lang='lat' dir='ltr'><strong>lile</strong></span> <span class='ocrx_word' id='word_1_101' title='bbox 461 3847 521 3927; x_wconf 82' lang='lat' dir='ltr'><strong>lat,</strong></span> <span class='ocrx_word' id='word_1_102' title='bbox 540 3848 590 3910; x_wconf 85' lang='lat' dir='ltr'><strong>lrie</strong></span> <span class='ocrx_word' id='word_1_103' title='bbox 610 3848 726 3910; x_wconf 88' lang='lat' dir='ltr'><strong>vicibus</strong></span> <span class='ocrx_word' id='word_1_104' title='bbox 747 3849 845 3913; x_wconf 85' lang='lat' dir='ltr'><strong>versis</strong></span> <span class='ocrx_word' id='word_1_105' title='bbox 867 3847 973 3912; x_wconf 87' lang='lat' dir='ltr'><strong>suffert</strong></span> <span class='ocrx_word' id='word_1_106' title='bbox 994 3849 1081 3928; x_wconf 88' lang='lat' dir='ltr'><strong>ietus,</strong></span> 
     </span>
     <span class='ocr_line' id='line_1_20' title="bbox 386 3979 977 4059; baseline 0 -16"><span class='ocrx_word' id='word_1_107' title='bbox 386 3979 439 4043; x_wconf 95' lang='lat' dir='ltr'><strong>llle</strong></span> <span class='ocrx_word' id='word_1_108' title='bbox 461 3987 520 4043; x_wconf 91' lang='lat' dir='ltr'><strong>stat</strong></span> <span class='ocrx_word' id='word_1_109' title='bbox 539 3979 676 4058; x_wconf 89' lang='lat' dir='ltr'><strong>viriliter,</strong></span> <span class='ocrx_word' id='word_1_110' title='bbox 697 3979 749 4042; x_wconf 93' lang='lat' dir='ltr'><strong>ille</strong></span> <span class='ocrx_word' id='word_1_111' title='bbox 770 3979 848 4043; x_wconf 84' lang='lat' dir='ltr'><strong>eadit</strong></span> <span class='ocrx_word' id='word_1_112' title='bbox 869 3982 977 4059; x_wconf 86' lang='lat' dir='ltr'><strong>victus,</strong></span> 
     </span>
    </p>
   </div>
   <div class='ocr_carea' id='block_1_7' title="bbox 386 4111 1009 4177">
    <p class='ocr_par' dir='ltr' id='par_1_7' title="bbox 386 4111 1009 4177">
     <span class='ocr_line' id='line_1_21' title="bbox 386 4111 1009 4177; baseline -0.003 -2"><span class='ocrx_word' id='word_1_113' title='bbox 386 4112 439 4175; x_wconf 91' lang='lat' dir='ltr'><strong>llle</strong></span> <span class='ocrx_word' id='word_1_114' title='bbox 460 4112 512 4175; x_wconf 90' lang='lat' dir='ltr'><strong>sset</strong></span> <span class='ocrx_word' id='word_1_115' title='bbox 531 4113 687 4176; x_wconf 85' lang='lat' dir='ltr'><strong>tenacibus</strong></span> <span class='ocrx_word' id='word_1_116' title='bbox 709 4111 837 4177; x_wconf 79' lang='lat' dir='ltr'><strong>vinculis</strong></span> <span class='ocrx_word' id='word_1_117' title='bbox 859 4112 1009 4173; x_wconf 87' lang='lat' dir='ltr'><strong>astrictus.</strong></span> 
     </span>
    </p>
   </div>
   <div class='ocr_carea' id='block_1_8' title="bbox 0 0 1534 5220">
    <p class='ocr_par' dir='ltr' id='par_1_8' title="bbox 0 0 1534 5220">
     <span class='ocr_line' id='line_1_22' title="bbox 0 0 1534 5220; baseline 0 8"><span class='ocrx_word' id='word_1_118' title='bbox 0 0 1534 5220; x_wconf 95' lang='lat' dir='ltr'><strong> </strong></span> 
     </span>
    </p>
   </div>
  </div>
 </body>
</html>
