3060 5220
644 636 648 641 โธ
742 647 967 699 GlbLEBllllTl

469 863 543 923 Dum
565 862 623 923 sibi
645 862 710 925 laus
732 862 840 925 suflicit
861 865 971 945 integri
992 864 1125 944 pudoris,

405 995 529 1057 Fructus
551 1014 609 1057 non
632 995 694 1057 vult
715 1014 863 1076 quaerere
884 995 995 1078 gradus
1017 994 1140 1071 altioris,

405 1126 502 1188 blinus
525 1134 571 1189 est
592 1126 718 1189 sollicita
740 1126 829 1188 studii
852 1128 984 1204 minoris,

406 1257 471 1319 Non
493 1261 590 1340 surgit
611 1258 648 1320 ad
670 1277 760 1339 opera
783 1259 862 1319 vitae
884 1258 1024 1319 melioris

468 1569 548 1631 Talis
570 1571 658 1651 virgo
680 1568 750 1631 licet
771 1571 810 1631 sit
830 1572 936 1657 merito
958 1570 1111 1652 culpanda,

405 1702 452 1779 Et,
474 1708 504 1763 ut
525 1702 614 1764 dooet
635 1702 785 1779 Salomon,
806 1701 875 1763 limo
896 1701 1062 1783 lapidanda,

406 1835 516 1896 Tamen
537 1835 628 1897 multo
649 1837 745 1917 magis
768 1841 814 1896 est
835 1836 891 1895 ista
913 1833 1078 1910 toleranda,

406 1964 499 2037 Quam
520 1966 580 2042 illa,
602 1985 679 2047 quae
700 1973 853 2047 perpetrat
875 1964 997 2026 crimina
1019 1963 1155 2026 nelanda.
1264 2041 1266 2047 ยน

470 2276 523 2338 Est
545 2296 621 2357 quae
643 2276 735 2358 pollet
756 2279 851 2358 gratia
875 2276 944 2338 doni
966 2276 1131 2358 virginalis,

405 2408 464 2471 Sed
486 2408 722 2471 exsecrabilibus
744 2409 821 2469 intus
843 2408 947 2471 sordet
967 2407 1062 2485 malis,

405 2538 510 2602 Studet
530 2542 684 2618 avaritiae,
706 2558 794 2620 quam
816 2539 946 2601 exitialis

404 2672 490 2734 Lucri
512 2671 615 2733 servor
636 2671 750 2752 cupidis
773 2671 958 2752 amplexatur
980 2671 1043 2733 alis.

466 2985 548 3047 Haec
569 2985 802 3047 detractionibus
824 2985 956 3067 linguam
978 3003 1124 3046 exercere

404 3118 518 3195 Studet,
539 3117 615 3179 haec
635 3117 795 3198 superbiae
817 3119 923 3199 spiritu
944 3126 1069 3192 tumere,

404 3249 535 3311 Stimulis
557 3249 686 3311 invidiae
709 3249 786 3311 solet
807 3249 883 3312 haec
904 3250 1027 3331 pallere,

403 3380 485 3444 Haec
506 3384 662 3445 consuevit
682 3383 780 3443 tacitis
802 3381 878 3445 odiis
901 3381 1016 3443 ardere.

464 3691 526 3755 Sed
546 3701 587 3771 tu,
608 3695 695 3775 virgo
717 3693 838 3772 domini,
858 3695 947 3776 virgo
968 3693 1136 3771 benedicta,

402 3826 536 3888 Melioris
557 3828 682 3888 semitae
703 3827 809 3889 studiis
831 3826 957 3903 addicta,

403 3958 484 4019 llaec
506 3957 643 4038 exempla
664 3959 780 4034 timeas,
801 3959 846 4020 sic
866 3965 989 4039 propter
1010 3965 1040 4019 tc
1062 3958 1150 4036 dicta,

402 4094 447 4155 Ne
468 4094 584 4154 servire
605 4091 726 4154 studeas
748 4091 806 4153 deo
828 4096 926 4151 mente
948 4089 1024 4152 licta,
