3060 5220
736 663 962 715 GlbbEBElll'l

465 876 586 954 Omnes,
608 895 713 939 ornnes
734 886 876 959 appetunt
896 898 997 942 euram
1019 881 1191 956 animarum,

402 1009 494 1080 Quasi
517 1008 615 1070 dicant
635 1008 756 1090 singuli,
777 1009 875 1072 nullus
896 1009 934 1071 ad
955 1028 1057 1071 earum

401 1147 525 1207 Tantum
546 1144 627 1206 valet
647 1145 794 1226 regimen,
816 1151 956 1224 quantum
978 1163 1047 1228 ego,
1068 1146 1181 1209 clarum

401 1275 434 1336 ln
457 1292 504 1336 me
527 1275 611 1337 iubar
632 1275 750 1337 luminis
772 1282 828 1353 est,
849 1277 879 1335 in
901 1276 966 1337 istis
988 1293 1099 1355 parum.

461 1588 528 1672 Ego
550 1609 625 1666 sum,
645 1593 696 1670 qui
717 1598 822 1670 potero
844 1589 953 1651 lumine
974 1591 1118 1652 scientiae

401 1725 554 1787 lllustrare
576 1724 717 1785 tenebras
738 1723 843 1784 borum
865 1725 1063 1805 ignorantiae,

401 1857 471 1916 Tam
494 1873 559 1917 sum
581 1853 695 1930 doctuS,
717 1818 869 1934 proridlrs,
891 1859 921 1912 et
942 1860 1041 1914 tantae
1062 1854 1199 1935 peritiae,

400 1981 494 2043 Huius
516 2000 581 2043 suin
603 1981 797 2063 dignissimus
819 1980 946 2063 signifer
966 1980 1098 2043 militiae.

461 2293 539 2358 blalo
562 2294 637 2358 mala
660 2297 791 2376 praemia
813 2298 924 2357 rectori
946 2303 1114 2370 servantur,

400 2427 518 2509 Optime
539 2428 715 2510 regentibus
736 2429 845 2508 optima
867 2426 1023 2502 donantur,

399 2556 480 2618 lusto
502 2555 539 2617 tle
561 2558 708 2640 regimine
730 2559 799 2619 iusti
820 2557 998 2639 gloriantur,

399 2686 436 2748 Et
457 2688 509 2767 qui
531 2686 608 2748 male
629 2693 783 2764 rexerunt,
805 2687 881 2748 male
904 2697 1105 2750 munerantur.

461 3003 586 3065 Debitor
607 3009 654 3063 est
675 3002 800 3080 quilibet
819 3003 954 3065 subditos
975 3004 1096 3079 dooere,

400 3133 521 3213 Verbis,
542 3135 640 3213 sactis,
662 3135 794 3197 moribus
816 3135 954 3216 exempla
975 3137 1133 3218 praebere,

400 3268 457 3330 Pro
478 3286 599 3330 suorum
621 3268 736 3329 aetibus
758 3268 816 3330 deo
837 3269 1033 3349 respondere,

401 3395 649 3479 lnoorrigibiliuni
671 3416 726 3479 pro
747 3398 863 3459 delictis
885 3398 967 3460 llere.

462 3712 544 3774 llaee
564 3712 664 3775 solent
685 3719 715 3774 et
735 3713 815 3789 talia,
837 3713 939 3790 credo,
961 3717 1106 3796 cogitare,

401 3844 482 3917 Quos
504 3845 640 3908 videmus
662 3847 775 3907 errimus
796 3844 875 3906 velle
896 3847 1082 3928 gubernare;

400 3973 473 4035 Nam
496 3976 521 4036 si
543 3993 602 4037 non
624 3976 857 4056 praetenderent
878 3983 999 4050 tantum,
1020 3995 1092 4039 suos
1113 3995 1206 4057 quaro

400 4105 493 4168 Tanto
515 4104 627 4166 vellent
647 4107 787 4169 humeros
807 4107 942 4188 pondere
963 4108 1113 4190 gravare?
