3060 5220
791 667 1014 720 GILLEBERTI

518 883 644 965 Tangit?
665 885 754 945 innno
776 885 888 946 cruciat
909 891 939 944 et
960 890 1053 945 toturn
1074 882 1218 962 possedit,

456 1012 568 1075 Domus
591 1016 669 1076 enirn
690 1016 801 1077 donnini
822 1015 906 1077 zelus
927 1034 974 1077 me
997 1014 1134 1091 comedit,

455 1143 519 1219 Qua
540 1146 688 1226 quondam
709 1147 833 1209 canities
855 1146 893 1208 ad
912 1145 1078 1228 regendum
1099 1145 1186 1223 sedit,

452 1276 537 1338 Nunc
557 1277 692 1339 subiecta
712 1279 824 1359 pueris,
845 1279 947 1358 pueris
969 1278 1079 1340 obedit.

512 1587 665 1670 Dignitate
686 1591 772 1671 pueri
793 1588 909 1672 fulgent
931 1589 1102 1667 cathedrali,

451 1717 507 1791 Oui
528 1737 563 1782 se
584 1719 713 1782 nondum
734 1718 836 1781 didicit
856 1722 1006 1802 stringere
1028 1721 1171 1798 brachali,

449 1852 534 1915 Alios
556 1855 614 1915 iarn
636 1853 755 1936 cingulo
777 1855 897 1936 stringit
916 1850 1091 1934 magistrali,

450 1984 528 2048 Talis
549 1986 628 2048 bene
649 1985 757 2067 dignus
779 1992 825 2048 est
847 1985 989 2067 dignitate
1011 1984 1071 2047 tali.

510 2297 541 2361 Si
562 2300 600 2361 de
621 2297 671 2359 tali
692 2315 787 2378 puero
808 2299 904 2379 surgit
925 2299 1137 2374 controversia,

446 2430 616 2493 Advocatus
638 2431 723 2510 pueri
744 2447 818 2511 pura
840 2431 1033 2493 conscientia:

445 2563 505 2625 lste
526 2580 610 2643 puer,
632 2562 735 2641 inquit,
757 2566 803 2622 est
824 2561 932 2642 dignus
954 2560 1009 2621 hac
1030 2559 1169 2636 ecclesia,

445 2693 560 2757 Nobilis
582 2701 628 2755 est
648 2691 740 2754 nobili
764 2699 849 2754 natus
871 2710 911 2754 ex
931 2693 1078 2773 prosapia.

506 3005 531 3068 0
552 3005 706 3087 pulchrum
727 3003 877 3084 eloquium
897 3004 954 3065 viri
975 3002 1132 3084 sapientis!

444 3137 561 3220 Optirne
582 3137 737 3218 proposuit
757 3137 803 3198 vir
825 3137 972 3198 discretae
994 3135 1114 3198 inentis!

440 3269 474 3331 ln
494 3276 613 3332 rectore
634 3286 728 3350 puero
749 3271 887 3330 meritum
907 3269 1041 3350 regentis

440 3399 516 3461 Durn
537 3400 664 3479 quaerit,
684 3415 744 3461 non
764 3399 877 3460 invenit
897 3400 954 3461 nisi
976 3418 1073 3482 genus
1094 3401 1203 3482 gentis.

490 3711 538 3787 ‚Et
557 3729 675 3788 revera,
696 3711 830 3791 quisquis
852 3718 898 3775 est
919 3711 1026 3774 nobilis
1049 3720 1079 3773 et
1100 3713 1195 3790 dives,

439 3843 543 3907 Statim
565 3851 613 3907 est
632 3845 758 3908 idoneus
780 3844 817 3906 ad
838 3845 989 3928 regendos
1010 3847 1106 3924 cives3

438 3975 516 4038 Male
537 3994 612 4054 mos,
634 3977 684 4057 qui
705 3977 845 4057 provehis
866 3978 898 4039 in
919 3976 1026 4039 rnalurn
1046 3977 1206 4059 proclives,

437 4106 520 4168 Tune
540 4124 689 4186 nunquam
710 4108 853 4170 occides?
873 4115 944 4170 tune
965 4127 1085 4191 sernper
1104 4110 1211 4172 vives?
