3060 5220
565 662 744 714 calatriam.
1053 736 1121 853 ὦ
1156 659 1196 724 37

277 879 390 954 Dicam,
412 896 505 958 quare
526 876 623 938 nullus
646 882 692 938 est
713 875 862 938 vocandus
884 879 1016 959 ignotus:

218 1011 270 1073 isti
292 1029 366 1073 vero
387 1028 475 1072 nemo
497 1016 545 1071 est
565 1009 631 1091 plus
653 1026 687 1070 se
709 1011 774 1090 ipso
795 1015 893 1086 notus,

217 1141 326 1222 Et·qai
348 1143 392 1203 sio
413 1160 468 1221 per
487 1142 637 1222 propriam
658 1159 777 1203 manum
796 1146 844 1205 est
863 1148 1027 1223 promotus,

218 1273 264 1335 Ab
287 1276 365 1336 omni
388 1273 484 1356 litigio
504 1272 609 1354 procul
631 1280 678 1335 est
699 1279 840 1337 remotus

279 1584 407 1647 Sibimet
428 1586 478 1664 qui
501 1585 596 1665 potuit
617 1584 699 1646 frrndi
721 1584 830 1648 donum
851 1585 922 1647 dare

218 1717 254 1779 Et
274 1723 426 1799 pastorem
447 1717 558 1778 studuit
579 1735 614 1779 se
635 1719 731 1797 ipsum
753 1735 868 1794 creare,

218 1848 300 1910 iilum
322 1869 382 1913 non
402 1852 533 1932 oportuit
553 1850 635 1912 litem
656 1849 827 1926 formidare,

219 1977 324 2043 Rixam
345 1984 429 2045 novit
450 1984 570 2064 sapiens
594 1981 789 2061 damnumque
811 1983 914 2042 vitare.

282 2295 340 2370 Qui
359 2302 456 2359 semet
477 2296 603 2356 instituit
623 2293 753 2374 prudens
774 2300 807 2355 ut
826 2299 968 2375 patronus

220 2427 313 2505 Fecit,
335 2433 367 2488 et
387 2427 432 2489 sio
452 2425 555 2488 faeere
577 2426 667 2489 debet
687 2432 790 2506 pastor
810 2426 917 2503 bonus,

223 2559 437 2621 Commendare
458 2558 548 2620 debet
568 2560 647 2621 huno
667 2559 764 2621 bonae
786 2557 882 2620 famae
904 2576 1004 2635 sonus,

222 2690 361 2753 Homeris
383 2694 433 2772 qui
454 2694 582 2774 propriis
604 2692 682 2754 bene
703 2699 800 2775 portat
821 2711 905 2756 onus.

283 3007 365 3069 Bone
386 3012 498 3088 pastor,
520 3006 626 3086 patulis
649 3006 770 3068 auribus
792 3006 900 3068 audisti

221 3137 324 3199 Patres
346 3138 437 3217 prisci
458 3139 600 3218 temporis
623 3144 653 3198 et
674 3137 837 3199 doctrinam
859 3136 976 3213 Christi,

222 3269 280 3333 Alii
302 3272 488 3333 committere
509 3288 636 3354 gregem
658 3269 788 3346 noluisti,

222 3402 299 3475 Quid
319 3405 359 3465 sit
380 3403 455 3482 lana,
478 3403 548 3484 qaid
569 3404 607 3465 sit
629 3402 685 3479 iac,
706 3404 785 3463 seire
807 3401 935 3464 voluisti.

285 3713 425 3787 Quamvis
449 3730 575 3794 magnus
596 3712 682 3774 labor
702 3714 741 3774 sit
761 3712 879 3792 plebem
900 3712 1072 3794 gubernari,
1183 3744 1186 3751 ·

223 3844 288 3905 Tibi
310 3844 367 3906 soli
389 3850 487 3905 tamen
508 3843 584 3905 hanc
605 3845 699 3906 mavis
720 3843 931 3920 commendari,

223 3975 317 4037 Mavis
338 3974 451 4037 fruetus
473 3994 587 4038 annuos
608 3995 625 4037 a
646 3982 677 4037 te
698 3978 889 4058 congregari,

223 4106 316 4179 Quam
338 4106 428 4169 ullum
450 4115 625 4170 extraneum
647 4108 716 4171 inde
737 4108 865 4189 fatigari.
