3060 5220
644 661 824 714 CARMINA.

359 877 467 939 Multos
489 876 590 939 subdit
609 876 699 938 hodie
720 876 863 939 Nemroth
884 879 1030 954 servituti,
1088 934 1090 938 ,

295 1009 953 1090 Pmmmmfflmmffl

218 1150 233 1173 ⁶⁸
295 1141 332 1203 Et
353 1160 391 1203 ne
413 1143 508 1222 possit
530 1141 641 1203 cedere
662 1143 764 1203 vitium
787 1142 897 1216 virtuti,

298 1272 427 1335 Coctiles
449 1272 606 1335 aedificant
627 1290 728 1334 muros
750 1290 808 1353 ope
829 1272 890 1333 luti.

356 1589 431 1651 Loth
453 1607 519 1650 cum
540 1590 603 1650 suis
625 1589 761 1652 omnibus
782 1590 898 1651 vinctus
920 1591 1093 1670 captivatur,

295 1720 331 1782 Et
354 1721 462 1783 ditatus
484 1721 591 1802 opibus
613 1721 708 1784 hostis
729 1720 885 1804 gloriatur,

296 1853 357 1915 Sed
379 1872 472 1934 quare
493 1855 550 1916 sub
572 1853 708 1915 hostibus
730 1853 826 1915 adhuc
847 1855 1020 1916 catenatur?

227 2041 230 2049 .
297 1984 372 2057 Quia
393 1985 491 2047 nullus
512 1985 662 2047 Abraham
684 2003 738 2065 pro
760 1985 806 2047 his
828 1986 1000 2066 proeliatur.

357 2296 463 2358 Adhuc
485 2315 591 2359 servus
613 2295 706 2358 lsrael
728 2303 774 2359 est
795 2297 850 2358 sub
871 2296 1025 2359 Pharaone

295 2427 332 2489 Et
352 2429 499 2511 gemenda
520 2391 665 2510 premitur
686 2429 741 2491 suit
763 2429 942 2506 conditione,

295 2559 381 2638 Quia,
403 2563 455 2640 qui
475 2567 614 2641 repertus
636 2562 734 2623 estin
755 2562 920 2642 papirione,

295 2692 384 2775 Fugit
405 2699 435 2754 et
456 2694 487 2754 in
508 2700 614 2755 extera
635 2693 708 2755 latet
727 2696 862 2777 regione.

357 3005 423 3067 Non
445 3008 551 3068 transit
572 3005 609 3067 ad
630 3008 755 3086 patriam
775 3005 975 3085 lsraelitanus,

296 3138 379 3199 Viam
402 3138 480 3200 enim
501 3137 621 3200 obsidet
640 3137 891 3215 Amciechitanus‚

295 3269 436 3331 israelem
457 3275 579 3351 superat
599 3268 725 3351 populus
747 3267 899 3348 profanus

296 3400 370 3473 Quia
392 3401 488 3463 nullus
511 3401 634 3482 Moyses
656 3400 744 3463 modo
766 3401 845 3464 lavat
865 3421 977 3465 manus,

356 3715 432 3776 tram
453 3733 541 3777 nemo
563 3717 687 3797 mitigat,
708 3735 767 3778 non
788 3719 1019 3798 quassationem,

295 3848 374 3910 Deus
396 3866 455 3910 non
476 3848 624 3910 inducitur
645 3849 681 3910 ad
702 3848 907 3929 placationem,

294 3980 398 4058 Nullus
420 3983 498 4042 euim
519 3981 647 4043 Phinees
668 3988 750 4043 tenet
769 3984 941 4064 pugionem,

295 4113 331 4173 Ut
353 4114 390 4176 de
411 4120 512 4176 scorto
536 4114 652 4176 madian
674 4121 769 4177 sumat
789 4111 939 4176 ultionem.
