3060 5220
639 664 817 716 crinium.

353 876 437 940 Unde
458 877 552 940 maius
574 879 667 940 oritur
688 895 799 956 rumor,
820 877 887 941 iilos
908 880 989 955 vitm.

291 1008 327 1071 Et
348 1010 385 1072 ad
407 1011 610 1073 instruendum
631 1017 661 1073 te
682 1010 830 1071 neminem
850 1010 952 1087 invita,

290 1141 353 1203 Nisi
376 1144 460 1204 cuius
481 1150 582 1205 sancia
604 1145 644 1204 sib
663 1151 694 1205 et
714 1143 838 1224 probata
859 1145 930 1223 vita,

290 1273 355 1335 Non
378 1281 424 1336 est
445 1276 671 1356 probatissimus
693 1277 791 1357 quivis
813 1278 979 1340 coenobita.

351 1586 446 1649 Omne
466 1605 563 1670 genus
583 1588 733 1651 bominum
754 1591 808 1652 ribi
829 1592 868 1653 sit
887 1593 997 1668 timori,

289 1719 365 1782 Ncic
387 1728 491 1783 cuncta
513 1722 626 1800 dicere,
647 1722 701 1783 sed
722 1740 813 1803 pcrcc
834 1724 952 1804 pudori,

279 1851 351 1914 ‘sua
372 1853 412 1915 nii
434 1854 606 1935 simplicitas
628 1857 721 1933 timet,
741 1858 796 1920 sed
817 1859 934 1922 horrori

290 1985 354 2048 Tibi
376 1988 425 2064 sii,
446 1987 653 2071 cur‘dbsalcn
674 1987 797 2051 fratrem
818 1988 889 2052 fecit
910 1994 994 2053 meri.

350 2301 429 2364 Nihil
450 2301 510 2364 tale
531 2305 632 2381 timec,
653 2322 710 2366 nec
730 2310 858 2386 cpcrtet,
879 2304 917 2365 de
938 2310 979 2380 be,

289 2438 398 2501 Temen
419 2457 485 2516 vos,
506 2457 525 2501 ο
546 2438 680 2521 virgines
702 2437 789 2515 aliae,
809 2437 921 2514 timete,

287 2569 315 2631 Α
336 2570 531 2634 familiaribus
553 2571 690 2634 omnibus
712 2577 827 2649 cavete,

289 2701 344 2764 Ubi
365 2721 424 2765 nen
446 2705 597 2783 metuitur,
617 2705 659 2767 ibi
680 2704 758 2787 capit
779 2709 853 2766 rete.

350 3013 420 3094 Sed,
441 3033 460 3077 c
480 3033 547 3078 mea
568 3014 697 3094 domina,
718 3033 806 3095 quam
827 3019 915 3096 coepi
935 3015 1056 3092 docere,

288 3147 409 3209 Dixisse
431 3147 593 3209 debueram
614 3147 712 3229 potius
733 3165 870 3210 monere:

288 3281 367 3342 Inter
388 3299 492 3344 omnes
512 3281 647 3344 homines
667 3282 708 3343 itc
729 3297 922 3357 conversere,

288 3412 326 3473 Ui
346 3431 403 3476 nec
424 3413 478 3475 tibi
498 3419 615 3492 noceat,
635 3430 693 3476 nec
713 3413 808 3494 pessit
828 3431 947 3477 nocere.

349 3726 400 3789 Sic
420 3744 520 3788 mores
542 3727 682 3808 inspicias
703 3727 835 3789 emnium
856 3727 1014 3803 bonorum,

289 3857 325 3919 Ut
346 3877 466 3939 semper
486 3841 625 3940 proficias
647 3859 763 3922 actibus
785 3877 899 3938 eorum,

287 3989 361 4070 Apis
383 3992 421 4053 cb
443 3992 501 4055 hoc
521 3993 627 4055 circuib
647 3992 773 4055 arbores
794 3992 959 4068 horterum,

288 4122 326 4185 Ut
346 4131 448 4206 gustet
469 4133 500 4188 ct
524 4126 646 4208 colligat
668 4125 727 4188 mei
748 4126 786 4189 de
808 4144 899 4190 succe
920 4125 1034 4188 dorum.
