3060 5220
747 639 972 693 contundunt

471 853 542 915 Tam
562 870 708 935 perverso
728 854 841 936 gaudio
862 853 932 917 noio
953 861 984 915 te
1003 856 1149 937 gaudere,

409 985 470 1049 Sed
491 1004 547 1066 pro
568 986 612 1048 sic
633 984 833 1068 gaudentibus
854 987 954 1067 potius
975 985 1093 1070 lugere,

409 1116 496 1196 Dolo,
517 1118 543 1180 si
564 1135 641 1198 quos
661 1118 776 1180 videris
797 1117 873 1180 tales
893 1135 953 1181 non
974 1118 1090 1197 dolere,

410 1248 588 1312 Peccatores
609 1247 699 1311 dandi
720 1257 798 1328 sunt,
819 1251 870 1331 qui
892 1268 927 1313 se
948 1249 1051 1314 nolunt
1071 1249 1154 1312 flere.

473 1559 532 1624 Sed
553 1567 595 1640 tu,
615 1580 703 1642 quarn
724 1564 755 1625 in
776 1562 865 1626 tiliam
887 1563 1021 1628 Christus
1042 1565 1184 1648 adoptare

411 1691 474 1755 Sibi
498 1692 561 1755 vuit
582 1701 613 1755 et
633 1696 755 1776 insuper
775 1712 915 1777 sponsam
936 1698 1087 1778 copulare,

411 1825 454 1904 Si,
475 1827 555 1907 quod
576 1827 630 1889 tibi
651 1834 818 1909 praeparat,
838 1830 938 1909 possis
959 1837 1167 1914 praegustare,
1283 1814 1309 1889 'd

411 1957 490 2020 Nihil
511 1959 562 2022 illo
584 1960 695 2043 gaudio
715 1959 793 2023 velis
814 1979 996 2042 comparare.

474 2270 569 2333 Huius
590 2273 641 2352 qui
662 2271 829 2336 dulcedinis
850 2275 959 2338 donum
979 2279 1193 2360 praegustavit,

412 2402 517 2465 Totum
538 2404 617 2466 hunc
636 2423 691 2486 pro
712 2404 806 2469 nihilo
827 2406 966 2469 mundum
986 2409 1144 2490 reputavit,

412 2534 489 2607 oud
510 2537 573 2599 suis
593 2536 732 2601 fidelibus
753 2537 886 2602 Christus
907 2542 1105 2623 praeparavit,

412 2667 466 2731 Cui
487 2676 519 2731 tu
540 2671 648 2748 servis,
668 2672 819 2754 virginum
840 2672 926 2735 turba
948 2672 1120 2736 declaravit.

474 2981 552 3056 Quid
572 2984 612 3045 sit
632 2982 704 3046 illud
725 2983 867 3066 gaudium
888 2987 914 3047 si
935 3003 995 3049 non
1016 2985 1223 3067 praelibasset,

411 3113 566 3195 Nunquam
588 3116 697 3196 spretis
718 3118 856 3179 omnibus
876 3123 973 3179 semet
993 3117 1186 3201 abnegasset,

411 3244 475 3307 Nec
496 3245 533 3308 ad
553 3245 619 3309 illas
640 3245 767 3309 forsitan
788 3247 863 3310 deus
883 3255 914 3309 te
935 3256 1087 3326 vocasset,

412 3374 443 3438 Si
464 3394 525 3440 non
544 3376 604 3440 inis
624 3379 738 3441 sociam
758 3385 789 3440 te
810 3379 1061 3461 praeordinasset.

474 3689 512 3752 Ut
530 3690 635 3753 harum
656 3692 809 3755 consortio
830 3694 930 3773 possis
951 3695 1126 3777 aggregari,
1192 3675 1196 3680 ⁴

412 3821 473 3884 Has
492 3840 548 3904 pro
569 3829 621 3886 tuo
642 3823 763 3886 modulo
785 3824 879 3888 debes
900 3826 1018 3904 imitari,

412 3955 520 4017 Contra
541 3973 661 4037 semper
681 3955 830 4018 hominem
852 3957 902 4019 din
922 3957 1075 4039 proeliari,

412 4088 479 4151 Plus
502 4095 559 4168 est,
578 4107 666 4170 quarn
687 4090 831 4171 martyrio
851 4089 937 4151 brevi
958 4091 1163 4153 consummari.
