3060 5220
544 662 723 715 cnuutnn.

251 880 384 942 Hominis
406 880 431 940 si
453 878 556 940 videas
577 876 719 938 humeros
741 876 860 958 gravari

189 1013 281 1073 Nimis
304 1030 412 1094 magno
434 1010 577 1091 pondere,
599 1011 649 1089 qui
671 1008 745 1070 nolit
764 1009 871 1082 iuvari,

189 1143 293 1225 Rumpi
315 1142 396 1205 rnalit
417 1161 521 1219 onere,
542 1160 630 1221 quam
651 1141 797 1204 alleviari:
866 1187 869 1190 ⁴

189 1276 297 1338 Montis
319 1294 410 1339 sonae
432 1275 521 1338 (lebet
542 1275 591 1337 hio
611 1275 700 1336 homo
721 1273 867 1336 iudicarit

252 1585 282 1649 Si
305 1587 394 1648 dicet:
416 1586 480 1647 lloo
501 1603 619 1665 nequeo
641 1584 756 1665 pondus
778 1586 936 1662 sustinere,
1041 1570 1044 1577 ’

190 1720 342 1782 Sarcinanr
363 1718 500 1800 intelligo
522 1735 646 1799 gravem
667 1717 854 1798 praevalere,

191 1852 334 1915 Casurum
355 1869 402 1913 me
424 1853 532 1928 sentio,
553 1851 607 1912 sed
628 1851 698 1914 nolo
720 1869 838 1928 enuere,

191 1986 268 2048 Malo
290 1986 395 2048 subtus
417 1985 544 2065 turpiter
564 1985 594 2045 in
615 1982 676 2045 luto
700 1983 810 2058 iacere,

253 2298 348 2371 Quam
370 2315 445 2359 onus
467 2297 504 2358 ab
526 2296 658 2357 humeris
679 2297 755 2356 meis
777 2311 930 2356 amovere:

192 2431 245 2508 Tu,
266 2431 292 2492 si
314 2447 491 2509 quemquam
512 2428 616 2489 videas
637 2426 707 2489 talio
728 2444 852 2502 vovere,

192 2561 321 2621 Mentem
342 2577 445 2621 sanam
467 2559 548 2621 dicas
570 2559 648 2620 huno
669 2558 818 2620 hominem
839 2556 974 2618 habere?

192 2693 275 2755 Hono
296 2694 346 2773 qui
368 2711 472 2754 senum
494 2691 612 2767 dixerit,
634 2697 665 2752 tu
686 2708 745 2752 non
767 2708 871 2751 sanurn
892 2687 977 2749 reret

255 3004 353 3067 Credo
375 3006 447 3066 satis
469 3009 575 3084 potens
597 3010 644 3065 est
665 3004 740 3064 haec
761 3001 933 3078 similitudo,

193 3136 403 3219 Regenderunr
426 3136 526 3197 oviurn
547 3133 626 3196 nullo
647 3133 803 3196 multitudo

193 3269 375 3332 Absterrere
397 3274 496 3349 potest
517 3269 582 3346 hos,
604 3267 771 3347 dequibus
793 3267 868 3327 haec
890 3265 976 3341 oudo,

194 3402 299 3464 Fortes
321 3408 398 3477 sunt,
420 3407 451 3461 et
470 3399 559 3462 fortia
581 3400 669 3462 docet
689 3398 841 3461 fortitudo.
933 3456 935 3460 ,

257 3712 349 3774 'lanta
371 3711 543 3774 fortitudine
565 3711 677 3792 pollent
698 3711 841 3786 roborati,
900 3794 905 3799 Ι

197 3844 353 3907 Sustinere
375 3844 529 3924 quodlibet
549 3844 664 3925 pondus
686 3850 754 3905 sunt
775 3846 880 3923 parati,

198 3976 301 4049 Quivis
323 3977 403 4055 dicit,
425 3997 500 4040 onus
522 3978 580 4039 hoo
601 3978 680 4038 bene
701 3993 822 4057 possum
844 3976 915 4056 poti,

198 4109 303 4186 Doleo,
325 4110 404 4191 quod
425 4111 512 4191 puuoi
533 4115 602 4172 sunt
622 4109 692 4170 mihi
715 4107 920 4170 commendati.
