3060 5220
805 642 1028 696 GlLLEBERTl

532 855 599 919 Utili
621 856 745 920 consilia
767 859 887 938 sapiens
907 857 955 919 vir
975 857 1080 935 credit,

469 986 513 1050 llli
535 987 584 1050 dat
605 987 773 1067 ecclesiam,
795 991 845 1070 qui
865 987 963 1052 libens
985 990 1097 1067 abedit,

469 1119 629 1229 Decaniam
651 1118 747 1198 alteri,
769 1139 839 1183 mox
862 1128 892 1183 ct
912 1120 963 1185 ille
986 1122 1076 1199 cedit,

469 1249 525 1313 llic
546 1250 578 1312 lit
599 1249 785 1328 cellerarius,
807 1258 836 1313 et
858 1254 956 1314 statim
978 1271 1038 1335 pax
1059 1252 1145 1316 redit.

531 1563 729 1626 Prcmcvendi
750 1563 855 1626 modus
876 1563 924 1626 hic
945 1565 1052 1628 merita
1074 1564 1219 1643 laudatur,

469 1696 543 1757 Nam
564 1695 642 1757 unde
663 1694 819 1757 sublimius
841 1713 917 1758 unus
939 1694 1084 1775 elevatur,

469 1827 541 1890 lude
562 1827 670 1890 multus
692 1827 788 1889 aditus
810 1827 991 1891 ascendendi
1013 1829 1111 1912 datur,

470 1958 618 2040 Quidquid
639 1959 739 2023 multis
759 1959 887 2042 prolicit,
908 1979 973 2023 iure
996 1962 1226 2025 commendatur.
1348 2043 1352 2052 Ι

533 2271 589 2335 Ηίο
609 2272 715 2335 multas
737 2272 883 2336 ccclesias
903 2273 1003 2337 multis
1024 2277 1110 2338 aunis
1130 2277 1220 2354 rexit,

472 2402 602 2466 Praeliuit
622 2403 760 2486 sollicite,
782 2405 892 2485 docuit,
914 2409 1056 2486 correxit,

471 2533 507 2596 Et
528 2535 584 2598 hac
605 2536 759 2620 diligentia
781 2538 916 2602 subditas
937 2540 1086 2622 provexit,

471 2665 557 2739 Quod
578 2670 608 2730 in
629 2668 710 2731 nullu
732 2688 847 2732 annuos
867 2670 982 2734 reditus
1004 2671 1146 2754 neglexit.

535 2982 762 3046 consueverunt
782 2983 832 3046 alii
855 2991 960 3047 cuncta
982 2985 1140 3067 dissipare,

472 3112 533 3176 lste
554 3114 637 3178 novit
657 3115 756 3178 omnia
777 3122 864 3177 caute
886 3134 1085 3201 congregare,

473 3243 536 3306 Tali
556 3248 751 3327 temperantia
772 3248 855 3309 navit
876 3265 929 3310 sua
951 3248 1034 3327 dare,

473 3375 510 3437 Ut
530 3382 628 3439 tamen
649 3379 680 3439 in
701 3379 838 3440 omnibus
859 3379 955 3460 possit
975 3379 1135 3443 abundare.

534 3689 594 3752 lste
614 3658 681 3753 cum
701 3691 760 3752 iam
780 3692 883 3773 incipit
904 3690 955 3755 lini
975 3694 1185 3777 propinquare,

473 3820 546 3882 Cum
566 3822 624 3883 iam
645 3819 711 3903 plus
731 3840 787 3903 pro
808 3822 935 3886 subditis
956 3826 1059 3904 nequit
1080 3822 1229 3904 laborare,

472 3951 633 4032 Tamquam
653 3959 757 4034 pastor
776 3954 918 4035 providus
940 3955 1040 4017 studet
1059 3955 1210 4035 ordinare,
1280 3914 1283 3919 Ι

472 4082 546 4156 Quis
566 4089 634 4165 post
655 4101 723 4146 cum
744 4083 843 4147 valeat
863 4084 982 4169 plebem
1003 4086 1184 4169 gubernare.
