3060 5220
619 655 800 708 cnatttttn.

332 869 364 930 ln
385 876 455 931 nota
478 869 526 931 vel
547 869 660 951 syllaba
683 874 708 933 si
730 875 823 937 semel
845 875 984 951 offendis,

271 1002 448 1064 Verecunda
470 1001 547 1064 facie
570 1003 685 1084 culpam
707 1025 778 1068 mox
800 1006 944 1082 ostendis,

272 1136 383 1198 Turbat
403 1143 433 1197 te
455 1135 592 1199 confusio
613 1144 703 1218 teque
724 1137 933 1219 reprehendis:

271 1267 309 1329 Et
329 1275 518 1350 praesentem
540 1269 671 1349 undique
693 1287 752 1329 non
774 1286 893 1348 semper
913 1268 1062 1330 attendis?

335 1580 426 1643 lmmo
449 1598 568 1661 semper
589 1580 692 1642 videas
714 1587 744 1641 te
765 1599 884 1662 semper
905 1581 1064 1659 videntem,

274 1711 399 1793 Semper
420 1711 498 1773 hunc
520 1718 550 1773 ct
569 1711 700 1792 undique
723 1713 822 1795 cogita
844 1718 1042 1793 praesentem,

274 1844 341 1906 Non
361 1852 392 1906 te
413 1845 458 1906 sic
479 1843 622 1925 decipias,
642 1850 675 1904 ut
695 1850 781 1924 putes
803 1843 968 1919 absentem,

275 1977 308 2038 ln
329 1976 407 2038 hunc
428 1984 495 2038 tuos
518 1976 631 2057 dirigas
653 1982 683 2037 ct
705 1992 812 2037 sensns
836 1982 865 2035 et
887 1981 1023 2036 mentem.

338 2289 423 2351 Hunc
444 2307 509 2351 ama
530 2307 602 2369 prae
624 2288 771 2365 omnibns,
792 2287 833 2348 nil
854 2288 924 2349 huic
944 2306 1120 2369 praeponas,

280 2421 428 2503 Quidquid
449 2423 528 2483 intus
551 2421 694 2502 concipis,
716 2421 858 2501 quidquid
880 2439 934 2482 ore
956 2439 1056 2499 sonas,

277 2553 383 2616 Totum
404 2555 435 2615 in
455 2554 647 2634 praeconium
668 2551 746 2614 illins
768 2570 928 2633 proponas,

279 2684 336 2757 Qui
357 2684 398 2745 nil
418 2683 484 2766 plus
506 2703 593 2766 quam
615 2686 764 2767 virginum
787 2685 884 2767 diligit
906 2703 1041 2747 coronas.

342 2997 401 3060 Sed
422 3004 455 3058 nt
477 2999 541 3059 cius
563 2997 665 3059 valeas
687 3000 777 3059 iussis
799 2998 934 3075 obedire,

279 3130 375 3211 lpsius
396 3136 427 3192 te
449 3131 589 3191 convenit
608 3128 790 3191 voluntatem
811 3132 902 3208 sciro,

281 3261 359 3334 Quid
378 3261 460 3339 velit,
482 3261 554 3342 quid
575 3261 686 3339 iubeat,
707 3268 793 3342 potes
815 3262 960 3339 invenire,

280 3394 312 3455 Si
334 3394 451 3456 divinos
474 3393 594 3455 codices
616 3393 738 3454 studeas
760 3392 872 3454 audire.

343 3709 401 3770 Per
422 3715 452 3770 te
473 3707 522 3768 vel
543 3725 597 3788 per
618 3704 708 3768 alium
729 3712 815 3788 potes
836 3706 885 3769 hic
906 3707 1043 3784 scrutari,

283 3841 360 3914 Ouid
381 3843 476 3902 vitare
499 3838 610 3901 debeas
632 3839 681 3900 vel
703 3838 774 3919 quid
794 3839 913 3915 imitari,

284 3972 339 4035 Hie
360 3972 441 4035 felici
462 3972 560 4034 studio
582 3972 669 4034 datur
689 3971 836 4053 indagari,

285 4103 368 4165 Unde
390 4111 483 4166 status
505 4105 623 4165 animae
642 4103 741 4166 valeat
762 4105 870 4165 ornari.
