3060 5220
527 655 704 708 anamma,

240 871 287 933 Ad
308 868 458 951 praelatos
480 871 611 950 probitas
634 872 699 932 eius
720 872 778 930 iam
799 877 987 949 pervenerat,

176 1004 252 1066 Fere
275 1009 392 1065 eentum
414 1001 526 1065 solidos
548 1001 666 1081 quidam
687 1001 758 1063 mihi
779 1000 912 1078 dederat,

177 1135 238 1198 Sed
253 1137 395 1217 pinguem
417 1133 575 1196 ecclesiam
597 1131 672 1194 alius
693 1135 885 1213 promiserat3

175 1268 244 1330 lure
265 1286 363 1330 meum
385 1268 476 1350 igitur
496 1268 581 1329 iecur
600 1263 687 1328 dolor
708 1265 853 1326 vulnerat.

237 1577 323 1655 Vide,
345 1576 440 1658 qualis
461 1576 544 1652 tibia,
565 1593 653 1655 quam
675 1574 817 1636 decenter
837 1591 956 1657 grossa,

176 1711 252 1788 Heu,
272 1711 331 1772 iam
353 1708 465 1772 claudit
483 1707 592 1770 lumina
614 1709 645 1768 in
666 1713 791 1769 mortem
813 1705 943 1783 defossa,

176 1841 311 1918 Moritur,
332 1840 386 1928 sed
407 1838 510 1902 tumuli
531 1839 684 1901 claudetur
704 1839 735 1898 in
756 1836 848 1915 fossa,

175 1973 270 2036 Decet
292 1974 357 2035 eius
378 1970 507 2034 molliter
528 1976 560 2032 ut
581 1972 736 2050 quiescant
757 1986 836 2031 ossa.

236 2285 287 2347 Sic
307 2288 349 2347 ait
370 2293 400 2346 et
421 2284 527 2379 faciem
548 2284 677 2346 lacrimis
699 2286 817 2361 irrorat,

173 2417 210 2479 Et
230 2420 280 2498 qui
301 2419 397 2480 nisum
419 2417 527 2499 sepelit
549 2422 579 2478 et
599 2434 653 2497 pro
676 2417 741 2479 niso
763 2414 868 2496 plorat,

173 2550 329 2631 Nunquam
348 2549 397 2611 vel
420 2550 572 2611 rarissime
590 2565 647 2631 pro
669 2548 814 2610 defunctis
836 2554 911 2624 orat,

174 2682 305 2755 Quorum
327 2683 505 2745 elemosinas
526 2681 675 2773 omni'die
696 2687 790 2744 vorat.

235 2994 286 3059 Sic
306 2956 619 3075 deducunttenpora,
640 2997 684 3057 sic
704 2994 808 3057 ludunt
829 2997 859 3056 in
881 2995 996 3070 avibus,

173 3128 289 3190 Patrum
311 3126 489 3190 elemosinas
509 3125 676 3209 largiuntur
696 3127 829 3203 canibus,

174 3262 283 3324 Christi
304 3262 482 3343 patrimonia
502 3265 629 3341 pereunt
649 3261 680 3321 in
700 3256 819 3355 talibus,

174 3392 205 3456 Si
227 3393 272 3455 fas
293 3399 376 3455 esset
396 3393 508 3471 dicere,
529 3391 578 3454 vel
599 3393 629 3454 in
649 3392 839 3472 turpioribus.

256 3707 316 3770 Sed
337 3714 438 3769 tacere
460 3705 565 3768 melius
586 3704 646 3782 illa,
667 3723 744 3785 quae
765 3711 919 3787 teguntur3

174 3840 370 3921 Deploremus
391 3840 518 3917 interim,
540 3856 617 3920 quae
638 3833 734 3916 palam
756 3841 893 3917 aguntur,

174 3969 305 4031 Tandem
325 3987 380 4032 suo
401 3975 536 4051 tempore
558 3969 833 4045 manifestabuntur,
949 3979 955 3985 '

174 4102 259 4165 Nulla
281 4103 350 4165 dum
370 4101 491 4165 latibula
512 4103 630 4164 miseris
652 4101 806 4163 dabuntur.
