3060 5220
504 647 506 651 '
599 657 777 710 cannino.
1193 653 1229 719 31

309 873 394 935 Multi
415 890 529 936 summo
551 870 651 933 studio
673 876 820 951 quaerunt
840 868 919 930 huno
939 867 1093 936 honorem,

249 1005 309 1068 Sed
331 1006 406 1068 deus
427 1003 583 1115 provideat
603 1002 690 1064 nobis
712 1000 875 1076 meliorem,

249 1137 305 1210 Oui
328 1143 357 1198 et
379 1155 453 1255 oum
450 1114 611 1199 nlndestra
633 1139 734 1194 teneat
755 1133 888 1213 rigorem
1058 1174 1101 1261 Φ

248 1265 285 1328 Et
306 1266 388 1348 lapsa
409 1266 551 1359 restituat
555 1264 704 1327 statum
696 1282 727 1325 rn
748 1264 887 1343 priorem.

310 1580 374 1644 Nec
394 1580 540 1643 honorem
560 1580 714 1662 pulchrum
736 1588 783 1642 est
803 1598 859 1642 neo
879 1578 994 1642 luorum
1011 1576 1135 1651 ambire,

249 1711 359 1772 Tamen
381 1712 406 1772 si
429 1711 588 1773 oonoordia
610 1710 735 1772 fratrum
756 1711 917 1773 dissentire

167 1861 168 1864 ¹
249 1841 356 1920 Nollet‚
377 1859 437 1904 non
459 1842 622 1925 abnuerem
644 1858 719 1904 onus
739 1841 798 1904 hoc
818 1840 931 1919 subire,

245 1974 386 2067 ltlagnam
406 1974 485 2055 parit
504 1971 633 2055 gloriam
654 1971 747 2053 lapsis
768 1971 939 2035 subvenire.

310 2285 383 2348 Labi
405 2292 510 2348 eunota
533 2284 621 2348 doleo
644 2285 724 2347 etin
746 2285 831 2366 peius
853 2285 908 2360 ire,

249 2417 286 2480 Et
308 2436 367 2501 ego
389 2417 529 2480 desidero
550 2418 646 2479 scissa
667 2417 828 2493 resarcire,

250 2549 310 2613 Sed
331 2548 486 2612 discordes
508 2547 635 2628 qualiter
655 2549 742 2611 nobis
764 2549 933 2610 consentire

250 2682 385 2760 Valeant,
406 2699 425 2743 a
444 2680 531 2743 vobis
553 2680 611 2744 hoo
631 2679 768 2743 volumus
790 2679 902 2742 audire.

311 2995 392 3058 Unus
414 2997 626 3074 assistentium,
645 2998 692 3057 vir
713 2997 863 3059 discretae
883 2996 1001 3072 mentis,

250 3128 307 3201 om
328 3127 499 3208 loquentem
520 3133 646 3190 noverat
668 3134 698 3189 et
719 3133 847 3187 mentem
868 3125 1027 3205 loquentis,

249 3259 356 3340 lnquit,
376 3260 430 3323 tibi
452 3277 512 3322 non
534 3265 581 3321 est
601 3276 654 3320 oor
675 3259 732 3319 viri
753 3257 907 3339 sapientis,

248 3389 335 3463 Quali
357 3389 446 3453 modo
468 3407 594 3472 superes
616 3391 701 3468 istos,
722 3391 748 3451 si
769 3406 829 3451 non
850 3388 953 3450 sentis.

312 3703 368 3764 Tot
388 3702 482 3764 habes
503 3700 659 3778 ecelesias,
679 3707 723 3763 tot
744 3700 839 3763 habes
859 3699 1058 3782 praebendas,
1181 3714 1273 3799 fin

250 3831 287 3894 Et
307 3833 387 3929 quod
407 3841 439 3896 te
460 3852 538 3897 nuno
558 3832 690 3914 impedit,
711 3833 809 3895 statim
831 3850 891 3894 non
912 3831 1075 3893 emendas?

250 3947 330 4028 Dare
352 3966 378 4028 si
400 3965 551 4044 didiceris,
572 3965 599 4027 si
620 3982 738 4026 manum
760 3963 917 4042 extendas,

250 4099 308 4173 Qui
328 4107 359 4162 te
380 4096 667 4180 modo2deprimunl‚
688 4101 802 4178 cogent
822 4102 854 4158 ut
875 4094 1029 4158 ascendas.
