3060 5220
548 648 729 701 cnuniun.

258 863 357 926 Poena
378 880 498 942 quoque
518 863 618 924 mitior
639 869 697 929 crit
716 868 834 950 iuniori,

197 994 352 1058 luventute
372 995 497 1056 trahitur
518 999 549 1055 et
569 1001 662 1062 servit
683 997 786 1077 calori,

198 1132 257 1196 Sed
278 1131 350 1212 quid
369 1134 428 1195 iarn
449 1132 601 1213 decrepito
623 1131 718 1195 dicam
739 1133 872 1194 seniori?

169 1317 172 1322 f
197 1264 230 1326 ln
250 1264 339 1346 pelle,
361 1283 418 1344 qua
441 1266 580 1342 nascitur,
601 1263 680 1327 solet
699 1262 785 1344 lupus
807 1264 891 1325 rnori.

260 1575 298 1639 Et
317 1579 479 1658 scripturas
500 1575 624 1638 forsitan
644 1577 764 1637 minime
784 1579 940 1647 noverunt,
999 1630 1002 1636 .

200 1709 245 1772 Ob
266 1709 325 1772 hoc
346 1707 540 1790 inculpabiles
562 1706 640 1788 apud
661 1709 749 1771 deum
769 1713 864 1770 erunt.

200 1840 232 1903 Si
252 1841 310 1903 hoc
333 1847 388 1918 est,
409 1839 520 1902 utiliter
541 1839 613 1903 nihil
634 1839 810 1916 didicerunt,

200 1971 256 2044 Qui
277 1973 321 2035 sic
341 1973 539 2054 ignorantiam
559 1971 684 2053 palliare
705 1977 858 2051 quaerunt.
882 2031 885 2035 .

262 2286 344 2349 Unde
365 2287 462 2365 vebis,
484 2286 596 2364 elerici,
618 2288 662 2348 sic
683 2284 832 2346 abundant
853 2285 970 2346 ornnial

201 2417 360 2501 Capeliani,
382 2421 505 2482 comites
527 2426 557 2481 et
578 2424 657 2481 tanta
678 2417 808 2479 familiai

201 2548 284 2612 Unde
305 2556 349 2613 tot
370 2549 506 2629 deliciae,
526 2557 571 2612 tot
591 2550 697 2613 erebra
718 2550 863 2624 convivia,

199 2680 236 2744 Et
257 2701 360 2745 aurum
382 2683 412 2745 in
433 2682 545 2765 digitis,
566 2688 597 2742 et
617 2680 774 2762 suppellex
794 2682 897 2742 varia?

262 2997 373 3078 Aspice
394 2996 530 3060 sublimia
554 2995 679 3058 culmina
700 2995 862 3066 domorum,

201 3129 305 3208 Aequa
327 3134 396 3191 sunt
415 3125 531 3208 palatiis
552 3144 659 3209 regum
680 3128 876 3206 antiquorum,

202 3260 265 3323 Nec
286 3259 380 3323 solurn
402 3259 567 3322 sublimitas
589 3258 699 3321 sufficit
719 3277 881 3338 murorum,

201 3391 358 3454 Variorunr
379 3393 510 3475 pingitur
530 3393 633 3474 specie
654 3390 794 3455 colorum.

264 3703 414 3765 Columnis
435 3704 611 3765 marmoreis
633 3703 737 3767 domus
758 3710 952 3783 sustentatur,

203 3832 239 3895 Et
261 3836 381 3897 cortinis
402 3836 493 3897 variis
515 3834 583 3897 aula
604 3836 770 3914 decoratur,

204 3963 270 4042 Vel,
290 3959 370 4046 qued
390 3969 486 4050 magis
508 3966 608 4046 allicit,
628 3988 729 4032 murus
750 3971 924 4051 picturatur,

204 4097 242 4160 Et
260 4117 311 4162 res
332 4107 418 4182 gesta
439 4102 603 4182 principurn
625 4101 929 4165 oculis-monstratur.
1031 4166 1033 4171 ⁴
