3060 5220
742 685 966 738 GlLlEBERTl

467 896 583 969 Quanto
604 897 670 979 plus
692 900 863 961 extrinseco
885 898 965 961 crdlu
985 901 1031 961 vis
1052 899 1183 981 placere,

405 1030 497 1093 Tanto
519 1029 585 1112 plus
607 1037 637 1091 lc
658 1032 780 1093 noveris
802 1030 860 1094 dec
881 1028 1051 1112 displicere,

405 1162 442 1224 El
462 1165 596 1243 quamvis
617 1170 649 1224 lu
670 1163 799 1246 gloriam
820 1162 896 1227 nolis
918 1162 986 1225 hinc
1007 1163 1130 1239 habere,

405 1292 596 1358 scandalizas
617 1294 692 1358 alios
715 1302 745 1356 et
765 1302 851 1377 potes
873 1314 993 1358 nocere.

468 1607 624 1670 Hominum
645 1607 682 1669 ad
703 1607 807 1670 cordos
829 1607 898 1670 durn
920 1607 997 1669 culla
1019 1598 1176 1687 procedis,

406 1740 443 1803 Et
463 1757 573 1822 gressu
594 1741 758 1821 composito
780 1739 888 1802 leniter
908 1741 1033 1816 incedis,

405 1873 453 1935 Nil
474 1873 633 1936 multorum
654 1873 803 1935 mentibus
824 1879 855 1934 te
875 1888 987 1934 nocere
1009 1871 1118 1948 credis,

406 2004 538 2077 Quorum
560 2005 758 2067 conscientias
779 2004 919 2067 vulneras
942 2010 972 2064 cl
991 2003 1095 2066 laedis.

468 2317 528 2380 Vas
550 2335 584 2379 es
605 2316 663 2379 dec
685 2318 810 2380 forsitan
831 2316 986 2398 pulchrum
1007 2323 1038 2378 el
1058 2333 1223 2393 amoenum,

405 2449 465 2511 Sed
487 2456 628 2530 quantum
650 2449 686 2511 ad
708 2448 825 2529 aliquos
846 2447 931 2511 faece
954 2444 1056 2512 mortis
1077 2448 1207 2530 plenum,

405 2580 542 2643 Plurimis
564 2599 598 2644 es
620 2580 747 2664 gladius,
769 2581 868 2644 multis
890 2600 924 2643 es
945 2599 1101 2658 venenum,

407 2713 547 2775 iuvenum
569 2714 718 2794 pernicies
741 2720 771 2774 et
792 2712 920 2775 fortasse
942 2732 1054 2775 senum.

468 3026 583 3089 Cultum
605 3046 680 3111 erge
701 3031 821 3092 nimium
844 3030 964 3092 sindeas
985 3031 1090 3106 vitare,

405 3158 441 3220 Et
461 3160 618 3223 suillorum
639 3160 742 3224 cculcs
764 3179 867 3224 cesses
888 3163 1035 3237 inescare,

405 3291 546 3364 Quamvis
567 3295 645 3356 viam
667 3301 781 3371 teneas,
802 3293 908 3356 nolens
929 3293 1063 3368 deviare,

318 3509 321 3513 ⁴
406 3425 497 3487 Parce
519 3433 617 3487 tamen
640 3424 706 3486 aliis
728 3444 784 3487 nec
806 3442 900 3507 cogas
922 3443 1034 3486 errare.

467 3737 601 3799 llarilata
623 3738 765 3815 creditur,
786 3754 863 3817 quae
884 3736 984 3799 studel
1004 3739 1113 3813 ornari,

406 3866 461 3929 Vel
483 3870 580 3931 mariti
601 3869 707 3951 copula
730 3871 810 3951 cupit
831 3867 958 3951 alligari,

405 4001 485 4062 lnler
506 4001 615 4064 Christi
636 4003 771 4085 virgines
793 4008 945 4082 nequeunt
965 4002 1059 4077 beari,

406 4131 490 4204 Quae
512 4151 546 4195 se
569 4133 650 4196 cultu
672 4136 807 4217 corporis
830 4135 948 4216 cupiunt
969 4137 1070 4197 amari.
