<?xml version="1.0" encoding="UTF-8"?>
<!DOCTYPE html PUBLIC "-//W3C//DTD XHTML 1.0 Transitional//EN"
    "http://www.w3.org/TR/xhtml1/DTD/xhtml1-transitional.dtd">
<html xmlns="http://www.w3.org/1999/xhtml" xml:lang="en" lang="en">
 <head>
  <title>
</title>
<meta http-equiv="Content-Type" content="text/html;charset=utf-8" />
  <meta name='ocr-system' content='tesseract 3.04.00' />
  <meta name='ocr-capabilities' content='ocr_page ocr_carea ocr_par ocr_line ocrx_word'/>
</head>
<body>
  <div class='ocr_page' id='page_1' title='image "./gilleberticarmi00gilbgoog_0041.png"; bbox 0 0 3060 5220; ppageno 0'>
   <div class='ocr_carea' id='block_1_1' title="bbox 734 655 959 708">
    <p class='ocr_par' dir='ltr' id='par_1_1' title="bbox 734 655 959 708">
     <span class='ocr_line' id='line_1_1' title="bbox 734 655 959 708; baseline 0.004 -2"><span class='ocrx_word' id='word_1_1' title='bbox 734 655 959 708; x_wconf 81' lang='lat' dir='ltr'>drutussunrr</span> 
     </span>
    </p>
   </div>
   <div class='ocr_carea' id='block_1_2' title="bbox 395 870 1232 1217">
    <p class='ocr_par' dir='ltr' id='par_1_2' title="bbox 395 870 1232 1217">
     <span class='ocr_line' id='line_1_2' title="bbox 457 870 1232 954; baseline 0.003 -23"><span class='ocrx_word' id='word_1_2' title='bbox 457 870 589 932; x_wconf 81' lang='lat' dir='ltr'>Avarum</span> <span class='ocrx_word' id='word_1_3' title='bbox 611 877 641 931; x_wconf 95' lang='lat' dir='ltr'>et</span> <span class='ocrx_word' id='word_1_4' title='bbox 662 870 830 953; x_wconf 83' lang='lat' dir='ltr'>prodigum,</span> <span class='ocrx_word' id='word_1_5' title='bbox 851 874 902 952; x_wconf 88' lang='lat' dir='ltr'>qui</span> <span class='ocrx_word' id='word_1_6' title='bbox 924 880 1029 934; x_wconf 87' lang='lat' dir='ltr'>cuncta</span> <span class='ocrx_word' id='word_1_7' title='bbox 1051 873 1232 954; x_wconf 78' lang='lat' dir='ltr'><strong>pessumdat,</strong></span> 
     </span>
     <span class='ocr_line' id='line_1_3' title="bbox 395 1002 1013 1081; baseline 0.005 -18"><span class='ocrx_word' id='word_1_8' title='bbox 395 1003 492 1065; x_wconf 90' lang='lat' dir='ltr'>Variis</span> <span class='ocrx_word' id='word_1_9' title='bbox 513 1002 675 1065; x_wconf 86' lang='lat' dir='ltr'>Leviathan</span> <span class='ocrx_word' id='word_1_10' title='bbox 695 1004 821 1066; x_wconf 84' lang='lat' dir='ltr'>vinculis</span> <span class='ocrx_word' id='word_1_11' title='bbox 843 1005 1013 1081; x_wconf 84' lang='lat' dir='ltr'>circumdat,</span> 
     </span>
     <span class='ocr_line' id='line_1_4' title="bbox 395 1133 1147 1217; baseline 0.001 -21"><span class='ocrx_word' id='word_1_12' title='bbox 395 1133 519 1215; x_wconf 85' lang='lat' dir='ltr'>Semper</span> <span class='ocrx_word' id='word_1_13' title='bbox 539 1137 616 1215; x_wconf 88' lang='lat' dir='ltr'>rapit</span> <span class='ocrx_word' id='word_1_14' title='bbox 637 1137 704 1213; x_wconf 89' lang='lat' dir='ltr'>iste,</span> <span class='ocrx_word' id='word_1_15' title='bbox 727 1136 807 1216; x_wconf 88' lang='lat' dir='ltr'>quod</span> <span class='ocrx_word' id='word_1_16' title='bbox 827 1137 954 1217; x_wconf 82' lang='lat' dir='ltr'>turpiter</span> <span class='ocrx_word' id='word_1_17' title='bbox 975 1136 1147 1213; x_wconf 79' lang='lat' dir='ltr'>abscondat,</span> 
     </span>
    </p>
   </div>
   <div class='ocr_carea' id='block_1_3' title="bbox 394 1266 1150 1351">
    <p class='ocr_par' dir='ltr' id='par_1_3' title="bbox 394 1266 1150 1351">
     <span class='ocr_line' id='line_1_5' title="bbox 394 1266 1150 1351; baseline 0.004 -25"><span class='ocrx_word' id='word_1_18' title='bbox 394 1266 449 1328; x_wconf 86' lang='lat' dir='ltr'>llio</span> <span class='ocrx_word' id='word_1_19' title='bbox 470 1285 530 1329; x_wconf 90' lang='lat' dir='ltr'>non</span> <span class='ocrx_word' id='word_1_20' title='bbox 552 1273 650 1329; x_wconf 84' lang='lat' dir='ltr'>cessat</span> <span class='ocrx_word' id='word_1_21' title='bbox 670 1285 789 1349; x_wconf 83' lang='lat' dir='ltr'>rapere,</span> <span class='ocrx_word' id='word_1_22' title='bbox 810 1267 890 1331; x_wconf 90' lang='lat' dir='ltr'>male</span> <span class='ocrx_word' id='word_1_23' title='bbox 908 1268 989 1351; x_wconf 86' lang='lat' dir='ltr'>quod</span> <span class='ocrx_word' id='word_1_24' title='bbox 1011 1267 1150 1331; x_wconf 80' lang='lat' dir='ltr'>effundat.</span> 
     </span>
    </p>
   </div>
   <div class='ocr_carea' id='block_1_4' title="bbox 390 1575 1161 1924">
    <p class='ocr_par' dir='ltr' id='par_1_4' title="bbox 390 1575 1161 1924">
     <span class='ocr_line' id='line_1_6' title="bbox 454 1575 1031 1659; baseline 0.005 -23"><span class='ocrx_word' id='word_1_25' title='bbox 454 1576 536 1637; x_wconf 87' lang='lat' dir='ltr'>Vana</span> <span class='ocrx_word' id='word_1_26' title='bbox 557 1575 762 1659; x_wconf 80' lang='lat' dir='ltr'>prodigalitas,</span> <span class='ocrx_word' id='word_1_27' title='bbox 782 1594 876 1658; x_wconf 86' lang='lat' dir='ltr'>rapax</span> <span class='ocrx_word' id='word_1_28' title='bbox 897 1579 1031 1656; x_wconf 87' lang='lat' dir='ltr'>avaritia,</span> 
     </span>
     <span class='ocr_line' id='line_1_7' title="bbox 392 1709 1161 1786; baseline -0.003 -13"><span class='ocrx_word' id='word_1_29' title='bbox 392 1710 542 1783; x_wconf 83' lang='lat' dir='ltr'>Quaedam</span> <span class='ocrx_word' id='word_1_30' title='bbox 564 1709 623 1772; x_wconf 94' lang='lat' dir='ltr'>duo</span> <span class='ocrx_word' id='word_1_31' title='bbox 644 1715 776 1771; x_wconf 89' lang='lat' dir='ltr'>monstra</span> <span class='ocrx_word' id='word_1_32' title='bbox 797 1717 866 1772; x_wconf 91' lang='lat' dir='ltr'>sunt</span> <span class='ocrx_word' id='word_1_33' title='bbox 886 1709 974 1772; x_wconf 88' lang='lat' dir='ltr'>valde</span> <span class='ocrx_word' id='word_1_34' title='bbox 996 1710 1161 1786; x_wconf 85' lang='lat' dir='ltr'>dissimilia,</span> 
     </span>
     <span class='ocr_line' id='line_1_8' title="bbox 390 1840 1130 1924; baseline -0.003 -19"><span class='ocrx_word' id='word_1_35' title='bbox 390 1843 530 1916; x_wconf 85' lang='lat' dir='ltr'>Quamvis</span> <span class='ocrx_word' id='word_1_36' title='bbox 552 1844 669 1904; x_wconf 89' lang='lat' dir='ltr'>trahant</span> <span class='ocrx_word' id='word_1_37' title='bbox 690 1842 817 1904; x_wconf 87' lang='lat' dir='ltr'>clericos</span> <span class='ocrx_word' id='word_1_38' title='bbox 839 1844 869 1904; x_wconf 93' lang='lat' dir='ltr'>in</span> <span class='ocrx_word' id='word_1_39' title='bbox 890 1840 967 1904; x_wconf 89' lang='lat' dir='ltr'>mala</span> <span class='ocrx_word' id='word_1_40' title='bbox 990 1843 1130 1924; x_wconf 83' lang='lat' dir='ltr'>disparia,</span> 
     </span>
    </p>
   </div>
   <div class='ocr_carea' id='block_1_5' title="bbox 390 1973 1059 2056">
    <p class='ocr_par' dir='ltr' id='par_1_5' title="bbox 390 1973 1059 2056">
     <span class='ocr_line' id='line_1_9' title="bbox 390 1973 1059 2056; baseline 0 -22"><span class='ocrx_word' id='word_1_41' title='bbox 390 1973 457 2036; x_wconf 89' lang='lat' dir='ltr'>Pari</span> <span class='ocrx_word' id='word_1_42' title='bbox 478 1981 577 2036; x_wconf 87' lang='lat' dir='ltr'>tamen</span> <span class='ocrx_word' id='word_1_43' title='bbox 597 1992 705 2056; x_wconf 87' lang='lat' dir='ltr'>rapere</span> <span class='ocrx_word' id='word_1_44' title='bbox 727 1979 838 2056; x_wconf 85' lang='lat' dir='ltr'>cogunt</span> <span class='ocrx_word' id='word_1_45' title='bbox 857 1974 913 2036; x_wconf 90' lang='lat' dir='ltr'>hos</span> <span class='ocrx_word' id='word_1_46' title='bbox 935 1974 1059 2036; x_wconf 90' lang='lat' dir='ltr'>insania.</span> 
     </span>
    </p>
   </div>
   <div class='ocr_carea' id='block_1_6' title="bbox 450 2284 1001 2368">
    <p class='ocr_par' dir='ltr' id='par_1_6' title="bbox 450 2284 1001 2368">
     <span class='ocr_line' id='line_1_10' title="bbox 450 2284 1001 2368; baseline 0 -20"><span class='ocrx_word' id='word_1_47' title='bbox 450 2287 538 2349; x_wconf 88' lang='lat' dir='ltr'>Avidi</span> <span class='ocrx_word' id='word_1_48' title='bbox 561 2287 704 2367; x_wconf 90' lang='lat' dir='ltr'>diripiunt</span> <span class='ocrx_word' id='word_1_49' title='bbox 722 2303 774 2349; x_wconf 93' lang='lat' dir='ltr'>res</span> <span class='ocrx_word' id='word_1_50' title='bbox 795 2284 1001 2368; x_wconf 87' lang='lat' dir='ltr'>ecclesiarum,</span> 
     </span>
    </p>
   </div>
   <div class='ocr_carea' id='block_1_7' title="bbox 388 2416 1077 2501">
    <p class='ocr_par' dir='ltr' id='par_1_7' title="bbox 388 2416 1077 2501">
     <span class='ocr_line' id='line_1_11' title="bbox 388 2416 1077 2501; baseline -0.004 -20"><span class='ocrx_word' id='word_1_51' title='bbox 388 2419 475 2501; x_wconf 87' lang='lat' dir='ltr'>Rapit</span> <span class='ocrx_word' id='word_1_52' title='bbox 495 2418 545 2481; x_wconf 95' lang='lat' dir='ltr'>ille</span> <span class='ocrx_word' id='word_1_53' title='bbox 566 2419 680 2482; x_wconf 89' lang='lat' dir='ltr'>reditus</span> <span class='ocrx_word' id='word_1_54' title='bbox 702 2419 808 2481; x_wconf 88' lang='lat' dir='ltr'>decem</span> <span class='ocrx_word' id='word_1_55' title='bbox 829 2416 1077 2499; x_wconf 87' lang='lat' dir='ltr'>praebendarum,</span> 
     </span>
    </p>
   </div>
   <div class='ocr_carea' id='block_1_8' title="bbox 388 2534 1141 2631">
    <p class='ocr_par' dir='ltr' id='par_1_8' title="bbox 388 2534 1141 2631">
     <span class='ocr_line' id='line_1_12' title="bbox 388 2534 1141 2631; baseline -0.003 -18"><span class='ocrx_word' id='word_1_56' title='bbox 388 2552 499 2614; x_wconf 88' lang='lat' dir='ltr'>Decem</span> <span class='ocrx_word' id='word_1_57' title='bbox 520 2551 569 2614; x_wconf 89' lang='lat' dir='ltr'>hie</span> <span class='ocrx_word' id='word_1_58' title='bbox 591 2551 745 2628; x_wconf 79' lang='lat' dir='ltr'>eeclesias,</span> <span class='ocrx_word' id='word_1_59' title='bbox 767 2550 822 2613; x_wconf 85' lang='lat' dir='ltr'>sed</span> <span class='ocrx_word' id='word_1_60' title='bbox 842 2534 938 2613; x_wconf 85' lang='lat' dir='ltr'>adlruo</span> <span class='ocrx_word' id='word_1_61' title='bbox 960 2557 1007 2611; x_wconf 90' lang='lat' dir='ltr'>est</span> <span class='ocrx_word' id='word_1_62' title='bbox 1028 2568 1141 2631; x_wconf 89' lang='lat' dir='ltr'>parum,</span> 
     </span>
    </p>
   </div>
   <div class='ocr_carea' id='block_1_9' title="bbox 386 2683 1008 2764">
    <p class='ocr_par' dir='ltr' id='par_1_9' title="bbox 386 2683 1008 2764">
     <span class='ocr_line' id='line_1_13' title="bbox 386 2683 1008 2764; baseline -0.002 -20"><span class='ocrx_word' id='word_1_63' title='bbox 386 2683 542 2763; x_wconf 86' lang='lat' dir='ltr'>Nunquam</span> <span class='ocrx_word' id='word_1_64' title='bbox 564 2685 642 2745; x_wconf 89' lang='lat' dir='ltr'>enim</span> <span class='ocrx_word' id='word_1_65' title='bbox 663 2685 749 2764; x_wconf 87' lang='lat' dir='ltr'>copia</span> <span class='ocrx_word' id='word_1_66' title='bbox 769 2683 858 2747; x_wconf 87' lang='lat' dir='ltr'>satiat</span> <span class='ocrx_word' id='word_1_67' title='bbox 877 2699 1008 2745; x_wconf 80' lang='lat' dir='ltr'>avarum.</span> 
     </span>
    </p>
   </div>
   <div class='ocr_carea' id='block_1_10' title="bbox 383 2995 1163 3475">
    <p class='ocr_par' dir='ltr' id='par_1_10' title="bbox 383 2995 1163 3344">
     <span class='ocr_line' id='line_1_14' title="bbox 447 2995 1163 3079; baseline -0.001 -22"><span class='ocrx_word' id='word_1_68' title='bbox 447 2995 560 3058; x_wconf 90' lang='lat' dir='ltr'>Horum</span> <span class='ocrx_word' id='word_1_69' title='bbox 581 2995 699 3075; x_wconf 89' lang='lat' dir='ltr'>quidam</span> <span class='ocrx_word' id='word_1_70' title='bbox 720 2997 830 3079; x_wconf 81' lang='lat' dir='ltr'>satagit</span> <span class='ocrx_word' id='word_1_71' title='bbox 850 2996 940 3058; x_wconf 91' lang='lat' dir='ltr'>multa</span> <span class='ocrx_word' id='word_1_72' title='bbox 962 3010 1163 3079; x_wconf 75' lang='lat' dir='ltr'>congregare,</span> 
     </span>
     <span class='ocr_line' id='line_1_15' title="bbox 386 3127 1071 3211; baseline 0.001 -22"><span class='ocrx_word' id='word_1_73' title='bbox 386 3127 568 3210; x_wconf 76' lang='lat' dir='ltr'>congregat,</span> <span class='ocrx_word' id='word_1_74' title='bbox 589 3133 621 3189; x_wconf 92' lang='lat' dir='ltr'>ut</span> <span class='ocrx_word' id='word_1_75' title='bbox 640 3129 776 3211; x_wconf 89' lang='lat' dir='ltr'>protinus</span> <span class='ocrx_word' id='word_1_76' title='bbox 798 3129 894 3209; x_wconf 87' lang='lat' dir='ltr'>possit</span> <span class='ocrx_word' id='word_1_77' title='bbox 914 3129 1071 3210; x_wconf 80' lang='lat' dir='ltr'>dissipare,</span> 
     </span>
     <span class='ocr_line' id='line_1_16' title="bbox 383 3259 956 3344; baseline -0.002 -22"><span class='ocrx_word' id='word_1_78' title='bbox 383 3260 476 3323; x_wconf 90' lang='lat' dir='ltr'>Multa</span> <span class='ocrx_word' id='word_1_79' title='bbox 496 3259 695 3323; x_wconf 86' lang='lat' dir='ltr'>nebulonibus</span> <span class='ocrx_word' id='word_1_80' title='bbox 716 3260 795 3323; x_wconf 91' lang='lat' dir='ltr'>solet</span> <span class='ocrx_word' id='word_1_81' title='bbox 816 3278 956 3344; x_wconf 86' lang='lat' dir='ltr'>erogare,</span> 
     </span>
    </p>

    <p class='ocr_par' dir='ltr' id='par_1_11' title="bbox 384 3390 1073 3475">
     <span class='ocr_line' id='line_1_17' title="bbox 384 3390 1073 3475; baseline -0.006 -18"><span class='ocrx_word' id='word_1_82' title='bbox 384 3390 494 3457; x_wconf 80' lang='lat' dir='ltr'>Gltristi</span> <span class='ocrx_word' id='word_1_83' title='bbox 515 3393 570 3456; x_wconf 92' lang='lat' dir='ltr'>sed</span> <span class='ocrx_word' id='word_1_84' title='bbox 590 3394 771 3475; x_wconf 90' lang='lat' dir='ltr'>pauperibus</span> <span class='ocrx_word' id='word_1_85' title='bbox 793 3391 865 3454; x_wconf 92' lang='lat' dir='ltr'>nihil</span> <span class='ocrx_word' id='word_1_86' title='bbox 886 3394 970 3455; x_wconf 90' lang='lat' dir='ltr'>novit</span> <span class='ocrx_word' id='word_1_87' title='bbox 991 3392 1073 3455; x_wconf 90' lang='lat' dir='ltr'>dare.</span> 
     </span>
    </p>
   </div>
   <div class='ocr_carea' id='block_1_11' title="bbox 382 3704 1122 4053">
    <p class='ocr_par' dir='ltr' id='par_1_12' title="bbox 382 3704 1122 4053">
     <span class='ocr_line' id='line_1_18' title="bbox 445 3704 1036 3782; baseline 0 -16"><span class='ocrx_word' id='word_1_88' title='bbox 445 3704 568 3768; x_wconf 88' lang='lat' dir='ltr'>Pallium</span> <span class='ocrx_word' id='word_1_89' title='bbox 588 3705 638 3768; x_wconf 89' lang='lat' dir='ltr'>vel</span> <span class='ocrx_word' id='word_1_90' title='bbox 657 3706 788 3767; x_wconf 84' lang='lat' dir='ltr'>tunicam</span> <span class='ocrx_word' id='word_1_91' title='bbox 809 3705 859 3767; x_wconf 89' lang='lat' dir='ltr'>dat</span> <span class='ocrx_word' id='word_1_92' title='bbox 880 3704 1036 3782; x_wconf 87' lang='lat' dir='ltr'>adulatori,</span> 
     </span>
     <span class='ocr_line' id='line_1_19' title="bbox 384 3837 1027 3920; baseline -0.005 -18"><span class='ocrx_word' id='word_1_93' title='bbox 384 3840 474 3902; x_wconf 88' lang='lat' dir='ltr'>Cuius</span> <span class='ocrx_word' id='word_1_94' title='bbox 496 3839 592 3902; x_wconf 85' lang='lat' dir='ltr'>adhue</span> <span class='ocrx_word' id='word_1_95' title='bbox 612 3840 738 3920; x_wconf 92' lang='lat' dir='ltr'>pretium</span> <span class='ocrx_word' id='word_1_96' title='bbox 760 3837 851 3901; x_wconf 87' lang='lat' dir='ltr'>debet</span> <span class='ocrx_word' id='word_1_97' title='bbox 871 3837 1027 3915; x_wconf 83' lang='lat' dir='ltr'>creditori,</span> 
     </span>
     <span class='ocr_line' id='line_1_20' title="bbox 382 3969 1122 4053; baseline -0.001 -21"><span class='ocrx_word' id='word_1_98' title='bbox 382 3972 544 4053; x_wconf 82' lang='lat' dir='ltr'>Pauperes,</span> <span class='ocrx_word' id='word_1_99' title='bbox 565 3989 640 4052; x_wconf 90' lang='lat' dir='ltr'>quos</span> <span class='ocrx_word' id='word_1_100' title='bbox 662 3989 762 4034; x_wconf 88' lang='lat' dir='ltr'>ooram</span> <span class='ocrx_word' id='word_1_101' title='bbox 784 3989 818 4033; x_wconf 94' lang='lat' dir='ltr'>se</span> <span class='ocrx_word' id='word_1_102' title='bbox 838 3970 922 4032; x_wconf 88' lang='lat' dir='ltr'>videt</span> <span class='ocrx_word' id='word_1_103' title='bbox 942 3969 1014 4052; x_wconf 84' lang='lat' dir='ltr'>gelu</span> <span class='ocrx_word' id='word_1_104' title='bbox 1036 3971 1122 4047; x_wconf 89' lang='lat' dir='ltr'>mori,</span> 
     </span>
    </p>
   </div>
   <div class='ocr_carea' id='block_1_12' title="bbox 381 4101 1042 4188">
    <p class='ocr_par' dir='ltr' id='par_1_13' title="bbox 381 4101 1042 4188">
     <span class='ocr_line' id='line_1_21' title="bbox 381 4101 1042 4188; baseline 0 -22"><span class='ocrx_word' id='word_1_105' title='bbox 381 4105 487 4188; x_wconf 76' lang='lat' dir='ltr'>lugat,</span> <span class='ocrx_word' id='word_1_106' title='bbox 507 4121 564 4166; x_wconf 89' lang='lat' dir='ltr'>nee</span> <span class='ocrx_word' id='word_1_107' title='bbox 586 4105 762 4185; x_wconf 87' lang='lat' dir='ltr'>compatitur</span> <span class='ocrx_word' id='word_1_108' title='bbox 782 4103 914 4167; x_wconf 89' lang='lat' dir='ltr'>flentium</span> <span class='ocrx_word' id='word_1_109' title='bbox 936 4101 1042 4167; x_wconf 90' lang='lat' dir='ltr'>dolori.</span> 
     </span>
    </p>
   </div>
   <div class='ocr_carea' id='block_1_13' title="bbox 0 0 1534 5220">
    <p class='ocr_par' dir='ltr' id='par_1_14' title="bbox 0 0 1534 5220">
     <span class='ocr_line' id='line_1_22' title="bbox 0 0 1534 5220; baseline 0 6"><span class='ocrx_word' id='word_1_110' title='bbox 0 0 1534 5220; x_wconf 95' lang='lat' dir='ltr'> </span> 
     </span>
    </p>
   </div>
  </div>
 </body>
</html>
