3060 5220
731 645 955 698 GlbbEBEllTl

458 861 621 942 Pauperem
644 863 812 942 pauperies,
834 878 893 923 non
914 861 1037 937 crimen,
1058 859 1188 935 infamat,

397 991 486 1054 Solus
508 1009 563 1073 pro
584 1009 619 1053 se
640 991 782 1072 loquitur,
803 991 885 1055 sulus
907 1009 961 1072 pre
983 1009 1018 1053 se
1039 991 1158 1067 clamat3

396 1125 496 1237 Quppe
516 1142 570 1205 pre
592 1124 732 1187 divitibus
754 1124 880 1205 quilibet
900 1112 1110 1223 declc

396 1228 589 1319 Fructuosam
612 1256 751 1319 arborem
773 1258 871 1336 quivis
891 1256 968 1339 prud
995 1244 998 1249 ¹
1062 1332 1080 1355 τ
1124 1303 1130 1317 .

458 1566 625 1629 Defensare
646 1585 808 1648 pauperem
830 1566 927 1628 nullus
951 1567 1069 1646 estqui
1091 1573 1187 1643 vacet,

396 1699 512 1780 Pauper
533 1698 677 1761 inutiliter
697 1699 828 1780 loquitur
850 1707 900 1761 aut
921 1705 1011 1776 tacet3

396 1829 512 1910 Pauper
533 1848 588 1892 cur
609 1829 793 1910 despicitur?
815 1849 869 1892 cur
889 1831 1001 1911 ubique
1023 1833 1121 1894 iacet‘?

397 1960 549 2025 lnlecundi
571 1965 693 2045 cespitis
714 1981 790 2046 ager
810 1963 882 2025 nulli
903 1963 1009 2045 placet.

458 2276 521 2339 Scit
542 2295 635 2358 quare
657 2277 826 2340 causidicus
847 2275 968 2339 divitem
990 2275 1142 2352 delendat;

397 2408 456 2470 Cur
477 2427 544 2470 eum
565 2415 720 2490 tantopere
741 2409 823 2470 iuvat
844 2415 875 2469 et
896 2407 1102 2471 commendat?

395 2539 458 2602 Scit
478 2547 603 2601 venator
623 2542 700 2602 retia
721 2541 820 2601 cervis
841 2539 893 2600 ubi
914 2539 1024 2617 tendat,

395 2672 458 2734 Scit
479 2691 589 2753 auceps
611 2692 670 2753 quo
691 2671 798 2734 frutice
820 2671 921 2753 plures
943 2692 1015 2736 aves
1038 2674 1171 2757 prendat.

457 2984 568 3046 Omnes
590 2992 620 3046 et
642 2985 786 3048 ecclesias
808 2995 838 3049 et
858 2987 1044 3068 praebendas
1066 2989 1222 3070 prendunt,

395 3118 432 3181 lii
453 3118 559 3200 palam,
581 3137 637 3180 nec
658 3120 754 3201 pudor
776 3128 832 3198 est,
854 3126 963 3197 emunt,
985 3119 1026 3182 illi
1048 3120 1190 3198 vendunt,

394 3251 528 3328 Munera,
549 3251 707 3315 blanditias
728 3252 776 3314 vel
798 3254 893 3315 minas
915 3251 1104 3332 protendunt,

394 3381 534 3445 Vultures
556 3400 615 3446 non
636 3383 723 3445 aliter
743 3383 781 3446 ad
802 3382 931 3446 cadaver
952 3384 1084 3446 tendunt.

455 3695 531 3757 Dum
552 3697 650 3757 sciunt
671 3695 829 3757 ecclesiam
851 3694 978 3774 aliquam
1000 3713 1118 3771 vacare,

393 3826 525 3904 illumve,
547 3829 597 3907 qui
618 3826 756 3909 praefuit,
778 3826 887 3890 lectule
909 3827 1030 3903 cubare,

393 3959 475 4022 Tunc
496 3961 631 4022 certatim
651 3959 755 4022 videas
777 3977 880 4023 omnes
902 3959 1055 4034 festinare,

393 4089 565 4152 Extremum
587 4109 626 4151 ne
648 4091 766 4154 scabies
787 4092 883 4171 pessit
904 4107 1061 4171 occupare.
