3060 5220
762 656 985 709 GlLLEBEllTl

487 871 585 934 Hodie
605 873 632 934 si
652 873 778 950 viveret,
799 872 886 935 lieret
905 872 1019 955 isaias,

425 1002 502 1075 Quid
522 1002 739 1065 lamentabilius
759 1003 872 1084 planxit
891 1005 1055 1068 Ieremias?

425 1133 638 1216 Prophetarum
658 1133 805 1212 lacrimas,
826 1153 929 1200 omnes
949 1139 1120 1220 prophetias

425 1265 487 1328 Nos
509 1274 539 1327 et
560 1273 661 1329 nostra
682 1273 816 1348 tempora
838 1266 997 1333 delevisse
1018 1271 1105 1332 scias.
1153 1311 1156 1316 -

487 1578 573 1651 Quod
593 1578 693 1641 ludam
715 1586 745 1641 et
765 1580 857 1642 lsrael
878 1587 986 1643 vocant
1005 1582 1194 1643 meretricem

426 1709 463 1772 Et
482 1710 624 1772 lascivam
645 1711 765 1773 vitulam
785 1712 849 1793 iugi
871 1715 1121 1794 contemptricem,

426 1841 569 1903 Nimirum
590 1843 628 1905 ad
647 1850 769 1926 gentem
789 1844 866 1906 hane
886 1850 1001 1924 spectat
1021 1845 1227 1925 peccatricem,

427 1971 510 2046 Quae
532 1978 711 2055 contempnit
732 1975 859 2037 monitus
882 1981 912 2036 et
932 1994 1058 2057 poenam
1079 1976 1222 2038 ultricem.
1259 2006 1264 2013 ·

488 2282 575 2356 Quod
595 2284 701 2345 clamat
721 2283 862 2346 Ezechiel
884 2284 922 2346 ad
942 2285 1156 2366 speculatores,

428 2413 492 2476 lloc
513 2414 550 2475 all
570 2416 664 2478 nostri
685 2417 828 2497 temporis
849 2418 973 2498 respicit
992 2425 1138 2498 pastores,

429 2545 486 2618 Oui
506 2553 576 2610 tuno
596 2548 716 2610 student
734 2548 800 2610 lieri
821 2564 936 2613 morum
956 2557 1155 2628 correctores,

428 2678 504 2740 Dum
525 2678 649 2760 implere
670 2681 790 2761 cupiunt
809 2680 917 2745 bursas
937 2681 1105 2763 ampliores.

491 2996 563 3059 Cum
583 2995 621 3057 ad
641 2995 727 3058 villas
748 2996 893 3077 synodum
914 3000 1045 3080 pergunt
1063 2996 1229 3073 celebrare,

430 3129 511 3190 Tunc
532 3146 686 3191 servorum
708 3145 850 3191 cemores
870 3129 987 3190 turbam
1008 3128 1159 3206 advolare,

429 3258 570 3322 lnfareire
590 3263 731 3339 manicas,
752 3279 847 3340 equos
868 3260 1034 3341 phalerare,

428 3390 583 3468 Falcones,
603 3393 771 3473 accipitres,
791 3393 872 3454 nisos
893 3410 1074 3476 aggregare.

491 3702 620 3765 Crusitat
640 3704 821 3784 praenuncia
843 3704 930 3766 turba
950 3707 1136 3787 garcionum,

430 3831 601 3913 Sequuntur
621 3852 688 3897 omn
709 3835 833 3897 canibus
854 3836 990 3918 magistri
1010 3833 1169 3911 falconum,

431 3967 600 4031 Sanctitatis
621 3985 726 4031 omnes
746 3967 778 4030 hi
797 3967 980 4049 praecedunt
1000 3973 1164 4048 patronum,

429 4099 486 4160 Per
507 4117 583 4179 quos
604 4099 683 4163 bene
704 4105 861 4181 promovet
881 4098 1025 4181 sprodale
1046 4100 1165 4161 bonum.
