3060 5220
312 640 368 690 Vlll
737 635 963 688 cunoberto.

309 837 436 908 latitare
470 844 591 907 norunt
620 857 753 926 omnes,
790 835 909 928 quibus
941 836 1208 908 evolvendorum
1239 849 1391 910 veterum

310 984 472 1057 librorum
497 987 823 1078 manuscriptorum
851 1007 1016 1056 concessa
1046 996 1097 1056 est
1127 1009 1168 1056 ac
1197 999 1310 1082 parata
1337 989 1393 1058 l-

315 1134 431 1225 eubas,
456 1156 566 1226 neque
588 1133 704 1203 barum
724 1133 934 1226 reliquiarum
955 1132 1092 1204 uberior
1110 1135 1225 1206 notitia
1248 1147 1280 1207 et
1301 1144 1393 1230 quasi

317 1292 520 1378 conspectus
546 1283 724 1356 litterarius
749 1284 872 1378 poterit
898 1280 1067 1374 exhiberi,
1098 1284 1161 1353 nisi
1186 1294 1262 1354 ante
1288 1308 1394 1355 accu-

313 1433 417 1503 ratior
449 1440 483 1502 et
515 1431 663 1525 plenior,
705 1453 802 1523 quam
836 1431 940 1523 vulgo
979 1430 1101 1502 facturn
1137 1441 1203 1522 est⁷
1238 1434 1394 1522 omnium,

254 1618 280 1667 g
315 1560 401 1673 idlae
438 1580 472 1650 in
510 1579 648 1670 singulis
687 1578 861 1653 codicibus
900 1582 1125 1671 continentur,
1162 1603 1324 1653 recensus
1362 1584 1396 1651 in

316 1727 490 1820 catalogos
517 1727 615 1799 fuerit
639 1727 775 1799 relatus.
811 1725 923 1823 Saepe
949 1731 1036 1799 enim
1062 1732 1183 1800 inuno
1209 1729 1396 1822 eodemque

318 1876 487 1948 volumine
511 1887 601 1948 tanta
626 1879 789 1948 minorum
816 1876 1037 1948 diversissimi
1055 1881 1240 1969 argumenti
1260 1877 1397 1948 libello-

318 2046 392 2095 rum
414 2027 589 2097 coniuncta
611 2035 663 2100 est
683 2036 717 2096 et
738 2036 911 2120 compacta
931 2027 1114 2118 multitudo,
1135 2037 1170 2097 ut
1192 2029 1397 2120 singulorum

321 2178 466 2248 omnium
486 2176 722 2269 inscriptiones
746 2187 779 2247 et
797 2187 991 2268 argumenta
1008 2199 1193 2260 recensere
1209 2199 1278 2247 non
1295 2176 1397 2247 modo

295 2325 466 2427 ⁴ftaedium
491 2326 660 2419 plerisque
689 2328 810 2421 pariat,
841 2327 902 2399 sed
933 2329 1030 2398 etiam
1061 2325 1151 2396 factu
1176 2325 1398 2397 difficillimum

322 2479 376 2567 sit,
403 2499 501 2569 quum
532 2475 696 2548 eiusmodi
725 2475 829 2547 libelli
859 2477 992 2570 saepius
1022 2477 1239 2570 inscriptione
1267 2484 1401 2545 careant

324 2634 357 2696 et
391 2627 546 2697 continua
580 2627 681 2716 serie,
717 2627 824 2721 spatio
857 2625 947 2695 nullo
980 2626 1111 2714 relicto,
1145 2625 1229 2695 alter
1262 2626 1401 2695 alterum

325 2773 579 2867 subsequantur.
631 2775 750 2870 Neque
781 2778 889 2846 minus
915 2797 1019 2868 saepe
1051 2779 1085 2844 in
1117 2773 1278 2845 librorum
1313 2775 1403 2844 scri-

323 2934 470 3018 ptorum,
495 2921 553 2992 ubi
577 2923 654 2993 talia
680 2926 740 2994 vix
767 2924 992 3015 quaesiveris,
1019 2920 1107 2992 loliis
1133 2921 1190 2991 vel
1214 2919 1344 3013 paginis
1371 2924 1404 2985 et

324 3069 523 3160 minoribus,
558 3092 642 3163 quae
669 3092 776 3141 vacua
803 3079 897 3140 erant
925 3068 1056 3157 relicta,
1091 3068 1205 3161 spatiis
1232 3067 1404 3159 epigram-

323 3228 425 3310 mata,
461 3222 623 3310 carmina,
659 3219 821 3314 epistolae
850 3217 908 3288 vel
937 3218 1019 3289 alius
1047 3220 1273 3310 cuiuscunque
1299 3238 1405 3306 argu-

324 3369 425 3437 menti
452 3367 576 3461 scripta
599 3371 728 3439 minora
753 3369 983 3460 reperiuntur,
1018 3374 1073 3434 aut
1099 3387 1118 3434 a
1143 3363 1285 3436 librariis
1310 3366 1405 3458 ipsis

326 3523 382 3586 out
398 3538 418 3586 a
434 3511 679 3609 posterioribus
702 3513 855 3584 codicum
876 3508 1136 3607 possessoribus
1159 3510 1299 3598 adiecta,
1322 3530 1406 3601 quae

329 3685 427 3756 quarn
469 3661 569 3732 focile
611 3658 669 3731 vel
709 3658 950 3750 diligentissimi
988 3657 1195 3748 indagatoris
1238 3657 1408 3728 solertiam

329 3815 471 3907 fugiant,
504 3836 573 3885 non
607 3824 658 3884 est
689 3810 777 3904 quod
807 3809 943 3882 uberius
975 3830 1152 3903 exponam.
1204 3805 1299 3877 Haud
1329 3827 1408 3874 raro

330 3960 429 4035 etiam
454 3962 575 4034 factum
602 3970 669 4050 est,
702 3970 737 4030 ut
769 3962 917 4032 minores
953 3955 1118 4029 eiusmodi
1154 3955 1314 4047 reliquiae
1347 3975 1409 4046 per

330 4115 424 4185 varia
453 4113 622 4184 volumina
653 4109 841 4204 dispersae,
877 4110 1021 4179 carmina
1054 4107 1267 4203 praesertim,
1303 4112 1336 4171 et
1370 4123 1410 4171 ea
