3060 5220
796 651 1020 704 otttauttnrt

520 867 625 929 Parum
646 866 749 929 valens
771 867 892 948 praeiioi
914 868 1005 930 debet
1025 868 1175 949 paucitati,

458 999 592 1063 Praesint
613 1000 653 1077 hi,
675 1002 724 1081 qui
745 1001 911 1082 prohisunt,
932 1001 1146 1075 numerositati,

459 1131 591 1214 Opprimi
613 1134 663 1214 qui
684 1139 818 1194 metuunt
839 1135 957 1195 sarcina
980 1134 1105 1214 peceati,

459 1265 584 1348 Semper
604 1267 785 1348 paupertatis
808 1271 876 1328 sunt
898 1283 991 1328 onere
1012 1265 1138 1346 gravati.

455 1506 471 1535 2¹

479 1540 482 1545 Ι
520 1579 602 1661 Ergo
625 1579 693 1658 quia
715 1576 822 1638 malum
844 1583 890 1638 est
911 1595 986 1639 onus
1009 1577 1200 1658 paupertatis,

460 1712 584 1773 Cautum
606 1717 652 1772 est
673 1711 710 1772 ab
732 1710 868 1773 omnibus
890 1711 980 1771 totius
1002 1709 1119 1785 aetatis,

460 1844 552 1905 Cavet
572 1842 756 1924 indulgentia
778 1848 899 1904 sanctae
921 1843 1070 1920 novitatis,
1158 1912 1161 1917 ,

460 1975 521 2038 Una
544 1976 623 2057 quod
645 1973 774 2037 ecelesia
796 1993 856 2037 non
877 1976 916 2036 sit
936 1975 986 2036 uni
1009 1976 1090 2037 satie.

521 2287 624 2349 Novae
646 2285 742 2368 leges,
764 2303 894 2347 canones
915 2286 973 2347 iam
995 2287 1064 2348 novi
1087 2284 1262 2366 procedunt,

461 2419 517 2493 Qui
539 2420 626 2481 nohis
648 2418 792 2482 ecclesias
814 2418 955 2500 plurimas
976 2417 1152 2494 concedunt,

461 2550 612 2623 Quaedam
635 2550 748 2613 inutilia
771 2549 890 2611 decreta
912 2548 1068 2626 recedunt,

461 2683 545 2756 Quae
566 2689 678 2744 tantum
700 2681 859 2744 eeclesiam
880 2700 967 2743 unam
989 2682 1039 2742 uni
1062 2681 1194 2766 eredunt.

524 2995 670 3077 Tempora
692 2994 791 3056 felicia
812 2996 870 3056 iam
891 2994 1136 3072 adventaverunt,

460 3129 546 3191 Nunc
567 3128 707 3190 doctores
729 3129 855 3208 optimas
877 3125 964 3209 leges
986 3126 1163 3202 didioemnt,

462 3261 581 3322 Certum
603 3262 634 3322 in
656 3259 793 3323 eeclesiis
815 3276 969 3322 numerum
991 3276 1051 3320 non
1073 3263 1230 3338 quaerunt,

461 3389 616 3471 Quotquot
635 3399 723 3473 potes
745 3391 867 3469 habeas,
889 3391 947 3453 hoo
968 3393 1168 3453 instituerunt.

456 3774 458 3780 ¹
524 3703 634 3764 Memet
653 3704 761 3785 ipsum,
783 3703 886 3765 dicens
907 3703 974 3782 hoo,
997 3702 1152 3764 crederem
1174 3720 1288 3778 errare,

461 3835 499 3897 Ni
520 3835 663 3897 vidissem
684 3836 805 3915 saepius
827 3834 1015 3897 decretistam
1038 3841 1129 3911 stare,

462 3965 499 4028 Et
520 3968 651 4047 quintam
673 3966 832 4029 eeclesiam
850 3966 895 4028 illi
918 3985 1110 4044 conservare,

463 4097 558 4170 Quem
580 4098 696 4160 sciehat
717 4104 843 4178 quatuor
863 4098 942 4160 maie
964 4116 1136 4179 procurare.
