3060 5220
550 650 730 705 CARMINA.

262 867 381 931 Aureus
403 868 517 929 insania
538 885 645 949 regum
667 871 855 950 antiquorum

202 1000 355 1064 Adorabat
375 1000 494 1077 vitulus,
515 1000 581 1080 quis
604 1009 651 1063 est
671 1001 892 1077 nmdemorum,

203 1132 259 1207 Qui
280 1150 335 1214 per
356 1132 509 1223 avapitiam
530 1132 639 1194 cultum
660 1132 807 1195 idolorum

201 1264 267 1326 Nun
288 1263 410 1327 inclinet
429 1265 510 1326 vitiis
531 1254 719 1362 pierrestatem
740 1281 865 1325 morum.

262 1575 411 1640 Honestas
434 1580 481 1637 est
501 1575 591 1637 hodie
613 1575 760 1642 clericalis
782 1578 840 1638 viri

202 1709 284 1773 Auro
305 1709 397 1770 textis
417 1708 553 1770 vestibus
575 1726 683 1789 corpus
705 1709 849 1785 redimiri,

202 1841 265 1904 Tali
286 1840 376 1903 limbo
398 1839 517 1921 pallium
539 1839 588 1902 vel
610 1860 733 1923 cappam
755 1842 870 1919 ambiri,

204 1974 286 2036 Unde
306 1980 430 2056 possent
450 1973 619 2054 quindecim
640 1991 790 2054 pauperes
813 1975 925 2035 vestiri.

265 2286 399 2348 Clericus
421 2287 563 2349 honestus
586 2294 632 2348 est
653 2287 760 2370 dignus
783 2289 899 2370 magnis
921 2286 1069 2363 laudibus,

204 2419 295 2481 Cuius
315 2436 419 2481 mensa
440 2418 534 2502 largis
556 2424 603 2481 est
623 2425 746 2482 onerata
768 2419 903 2500 dapibus,

204 2550 294 2613 Cuius
315 2557 401 2632 porta
421 2568 542 2632 semper
562 2546 611 2615 est
629 2558 734 2635 patens
756 2553 955 2629 venientibus,

203 2681 250 2760 Et,
270 2684 295 2744 si
317 2682 396 2745 forte
418 2682 575 2762 clauditur,
595 2681 743 2746 clauditur
764 2685 953 2764 pauperibus.

264 2997 343 3058 Ante
365 2996 452 3059 cuius¹
470 2999 587 3059 ianuam
609 2997 710 3060 vidisti
732 3001 842 3061 morari

204 3129 264 3190 Aut
284 3130 414 3206 mimum,
436 3128 645 3208 autaliquem,
666 3130 716 3209 qui
738 3131 831 3192 sciret
851 3131 955 3206 iocari,

203 3261 360 3323 Pulchrum
382 3267 413 3323 et
432 3260 598 3325 honestum¹
613 3267 659 3322 est
679 3262 710 3322 in
731 3259 777 3321 his
799 3257 964 3333 iucundari,

204 3392 241 3454 Et
263 3410 377 3475 egenos
399 3394 518 3454 interim
538 3391 613 3454 luris
635 3394 771 3454 cruciari.
1023 3356 1098 3459 ff·

266 3705 386 3767 lnvidus
409 3722 452 3781 es,
475 3702 602 3765 dominis
624 3703 739 3786 gaudes
761 3702 921 3784 derogare,

205 3837 299 3900 Nemo
320 3842 419 3918 potest
440 3853 589 3917 pauperes
611 3852 713 3897 omnes
735 3842 912 3897 sustentare.
935 3871 973 3880 -

206 3968 306 4043 Quare
327 3967 426 4032 solent
446 3969 539 4050 igitur
560 3969 656 4030 mimis
677 3973 758 4029 tanta
779 3967 862 4046 dare,

206 4101 243 4163 Et
264 4103 428 4184 quadrante
448 4119 609 4183 pauperem
630 4100 733 4163 nolunt
754 4099 917 4162 adiuvare?
