3060 5220
495 659 497 664 ’
547 663 725 716 caltulum.

258 881 311 965 llle
331 899 415 959 vero,
437 883 520 944 cuius
542 888 589 943 est
609 881 647 943 de
667 880 714 942 his
736 880 886 957 ordinare,

196 1013 242 1076 Ad
265 1031 353 1094 quem
375 1019 490 1113 spectat
509 1013 619 1094 poprdo
641 1012 828 1075 sacerdotem
850 1012 932 1088 dare,

1008 1184 1043 1253 a

257 1588 340 1650 Tunc
361 1605 433 1650 suos
454 1586 624 1667 alloquitur,
646 1586 756 1648 sedens
778 1588 808 1647 iu
829 1586 977 1649 conclavi:
1028 1600 1031 1607 ·

195 1718 272 1792 Quid
295 1738 373 1782 nunc
393 1713 490 1801 magis
512 1718 632 1801 eligam,
654 1719 704 1781 diu
725 1720 866 1800 cogitavi,

197 1851 313 1929 Adhuc,
334 1869 423 1932 quem
445 1839 614 1928 exaudiam,
635 1870 693 1914 nou
715 1851 890 1928 deliberavi,

195 1983 257 2046 Vos
281 1983 349 2046 date
371 1983 536 2060 consilium,
557 2001 633 2063 quos
655 1982 692 2043 ad
714 1981 771 2044 hoc
792 1985 906 2044 vocavi.

256 2293 297 2356 m
318 2295 479 2358 consiliarii
501 2302 657 2376 postquam
677 2295 809 2371 audiere,

196 2427 350 2508 Temporis
372 2427 472 2490 idonei
495 2446 615 2490 eausam
636 2429 800 2504 imminere,

197 2559 233 2620 Ut
255 2578 324 2622 suas
347 2566 377 2621 et
399 2559 509 2622 domini
531 2561 646 2642 possint
666 2578 717 2623 res
739 2578 863 2642 augere,

196 2691 277 2753 Laici
298 2694 343 2754 sic
363 2691 471 2755 laicum
492 2702 561 2756 suut
582 2696 645 2757 ursi
667 2695 792 2757 decere:

257 3004 319 3066 Nos
341 3007 491 3068 nescimus
513 3005 638 3085 litteras,
660 3016 691 3069 et
711 3027 767 3071 vos
788 3010 944 3092 ignoratis,

196 3135 257 3198 Sed
278 3139 304 3198 si
325 3156 342 3199 a
364 3137 558 3218 prudentibus
581 3147 611 3201 et
632 3158 649 3201 a
671 3139 810 3202 litteratis

197 3268 321 3333 Clerieis
343 3277 373 3332 et
394 3272 545 3335 monachis
567 3273 704 3354 exempla
726 3277 888 3354 quaeratis,

196 3401 269 3474 Quis
292 3401 530 3466 ecclesiasticum
551 3405 660 3469 donum
682 3405 771 3469 donat
792 3409 908 3490 gratis?

261 3712 385 3786 Quidam
406 3713 488 3776 stulti
509 3716 691 3795 praedicant,
713 3736 773 3782 uon
795 3718 908 3781 debere
929 3719 1028 3796 vendi,

198 3842 258 3908 lllis
280 3848 360 3908 enim
381 3865 440 3910 neu
462 3854 509 3909 est
529 3866 600 3928 spes
621 3849 697 3912 haec
719 3850 913 3931 adipiscendi,

196 3977 283 4051 Quod
304 3987 397 4063 agunt
417 3981 458 4059 hi,
478 3999 572 4063 penes
593 3999 669 4062 quos
691 3990 738 4045 est
758 4001 861 4047 norma
882 3985 1020 4068 regendi,

196 4070 300 4173 Nullus
321 4111 401 4173 idem
421 4111 535 4177 sacieris
557 4114 648 4177 debet
667 4115 856 4196 reprehendi.
