3060 5220
749 654 972 707 GlLLEBEllTl

475 870 585 932 Tamen
607 868 675 931 dum
697 870 859 931 recesserit
880 868 939 929 diei
961 867 1083 943 laetitia,

414 1003 540 1065 Generis
563 1000 685 1063 alterius
707 1017 767 1061 nox
788 1000 912 1062 reducet
932 1000 1051 1082 gaudia,

412 1135 515 1197 Noctis
537 1132 629 1195 multa
650 1132 812 1209 commoda,
834 1131 924 1194 multa
946 1131 1100 1207 beneficia,

412 1266 498 1327 Diem
519 1284 611 1346 saepe
632 1271 754 1346 superat
775 1262 1057 1357 noctium-lascivia.

474 1578 580 1640 Divino
602 1576 700 1639 officio
720 1575 816 1638 laudis
839 1577 1027 1657 vespertinae

412 1708 488 1770 Aliis
511 1710 697 1785 instantibus,
718 1709 782 1790 ipsc
805 1706 969 1770 medicinae

413 1839 517 1902 Studet
537 1841 612 1918 avis,
633 1858 710 1920 quae
731 1841 788 1902 iam
811 1840 908 1901 estin
929 1838 1049 1901 vivendi
1069 1839 1138 1917 fine,

413 1970 438 2032 0
460 1970 555 2050 dolor,
577 1990 595 2034 o
617 1973 746 2054 gemitus
768 1971 861 2034 cladis
882 1973 1068 2052 repentinae!

474 2282 605 2344 Tandem
626 2283 702 2345 hanc
722 2285 753 2344 in
773 2285 886 2365 pertica
907 2286 985 2347 sistit
1006 2304 1071 2347 cum
1093 2284 1197 2347 dolore

412 2416 449 2478 Et
471 2423 588 2479 noctem
609 2414 787 2499 pervigilem
809 2417 888 2479 ducit
909 2418 939 2477 in
960 2434 1108 2494 macrore,

413 2547 471 2608 Vix
493 2547 619 2627 erumpit
638 2547 736 2608 tenuis
758 2547 858 2610 radius
879 2534 1017 2626 aurorae,

413 2678 599 2742 Servientem
622 2682 733 2742 excitat
753 2699 818 2742 cum
839 2670 954 2763 magno
970 2680 1108 2744 clamore.

695 2826 719 2859 alf

473 2993 572 3076 Surge
593 2995 662 3072 cito,
683 2995 811 3074 respice,
831 2995 857 3055 si
879 2993 1006 3076 digessit
1025 2997 1099 3058 avis,

411 3125 491 3188 Noni
517 3125 660 3209 Egessit‘l
684 3127 737 3205 lta,
758 3127 813 3190 scd
834 3125 900 3190 olor
922 3133 968 3189 est
989 3145 1048 3189 non
1069 3129 1178 3189 suavis.

411 3256 456 3319 Ha
477 3258 582 3321 miseri
607 3258 651 3320 Ha
673 3259 774 3340 periiti
798 3257 892 3324 Dolor
912 3258 983 3319 mihi
1004 3259 1119 3341 gramsl

411 3389 443 3450 ln
464 3388 577 3452 tantillo
599 3407 726 3471 corpore
745 3408 806 3485 non
827 3389 882 3453 fuit
902 3397 981 3453 tanta
1003 3394 1057 3454 vis.

472 3703 576 3767 Nisum
596 3710 655 3766 tam
676 3703 832 3767 amabilem
854 3702 951 3766 nullus
973 3722 1100 3785 unquam
1120 3704 1203 3782 vidit,

410 3837 481 3898 Mihi
502 3839 606 3900 mortis
627 3837 762 3900 stimulus
783 3840 902 3900 nimium
923 3838 1038 3917 invidit,

411 3968 494 4041 Quae
515 3968 612 4032 milvis
635 3975 665 4031 et
685 3972 801 4032 noctuis
822 3973 926 4052 parcit,
946 3971 1022 4032 hanc
1044 3972 1162 4049 occidit,

410 4102 535 4165 Meliora
556 4103 708 4183 quaelibet
728 4122 847 4186 semper
868 4120 949 4179 mors
971 4103 1105 4166 abscidit.
