3060 5220
623 662 802 714 canninn.

336 877 480 939 Debeone
501 876 626 938 credere
647 877 744 938 virum
766 874 922 951 eruditum,

275 1007 392 1071 Sanctis
414 1010 444 1070 in
466 1008 593 1089 eloquiis
615 1008 733 1070 doctum
755 1013 785 1068 et
805 1007 942 1088 peritum,

274 1139 350 1203 Esse
371 1142 416 1203 sie
436 1139 604 1221 insipidum,
625 1141 670 1201 sic
690 1140 739 1200 dei
761 1139 894 1215 oblitum,

275 1272 312 1335 Ut
331 1273 479 1354 loquatur,
500 1271 580 1353 quod
601 1290 660 1334 non
681 1273 720 1334 sit
742 1290 760 1334 a
781 1272 890 1333 sanctis
913 1270 1078 1332 sancitum?

335 1583 393 1660 Nil,
415 1583 495 1664 qued
516 1585 555 1645 sit
575 1585 755 1645 centrarium
777 1585 871 1645 saeris
893 1583 1089 1660 documentis,
1131 1500 1169 1563 ᾗ

274 1717 378 1799 Agere
400 1716 579 1778 crediderim
600 1718 697 1777 virurn
719 1731 810 1775 sanae
832 1715 951 1775 mentis:

274 1847 356 1931 Ergo
378 1848 450 1912 nulii
470 1855 597 1932 generat
618 1866 744 1930 poenam
766 1849 797 1907 in
818 1847 982 1923 tormentis,

210 2060 219 2079 ι
275 1979 361 2052 Quod
381 1979 471 2040 habet
492 1977 604 2041 auxilio
626 1980 683 2040 viri
705 1979 857 2059 sapientis.

337 2291 368 2355 Si
390 2292 497 2355 multas
520 2292 665 2356 eeclesias
686 2293 794 2356 rnalarn
817 2295 1008 2372 esthabere,

274 2423 361 2487 Nullo
382 2424 471 2487 medo
492 2427 612 2507 sapiens
633 2424 725 2487 vellet
745 2426 803 2488 hee
824 2425 962 2504 suadere,

273 2557 337 2619 Nee
357 2557 463 2620 suadet
484 2559 695 2636 tantummodo,
717 2559 771 2621 sed
793 2557 863 2621 facit
884 2559 1007 2637 hahere,

275 2688 363 2751 Suarn
385 2690 454 2751 dum
475 2693 653 2753 sententiam
675 2692 757 2774 cogit
777 2691 963 2773 praevalere.

336 3001 373 3065 Et
393 3022 453 3066 non
474 3004 570 3066 solum
591 3002 666 3065 aiios
688 2971 807 3084 sapiens
829 3003 973 3082 defendit,

277 3134 463 3207 Quaerendis
485 3134 623 3197 eeclesiis
646 3136 734 3196 etiarn
755 3135 890 3214 intendit,

277 3267 409 3340 Qnatuor
424 3286 496 3330 ,curn
517 3268 637 3345 habeat,
657 3285 712 3348 pro
734 3269 835 3347 quinta
859 3268 1019 3345 contendit,

275 3398 354 3461 Fieri
375 3398 446 3479 qnid
468 3398 586 3478 debeat,
606 3418 661 3482 per
682 3408 778 3462 semet
799 3401 938 3463 ostendit.

338 3712 432 3795 igitur
453 3714 616 3776 secundum
637 3715 703 3792 hos,
725 3735 799 3797 quos
821 3721 931 3781 seimus
952 3717 1068 3800 poliere

277 3845 369 3907 Tanta
391 3848 545 3928 sapientia,
566 3864 724 3928 possumus
745 3848 858 3910 habere

277 3977 419 4039 Plurimas
442 3978 598 4056 eeclesias,
619 3996 675 4040 nec
695 3977 811 4060 eulpam
832 3981 948 4058 timere,

278 4107 342 4170 Hae
363 4110 473 4190 ubique
495 4109 615 4189 faciunt,
635 4110 694 4173 hoe
715 4109 813 4173 soient
834 4110 954 4173 docere.
