3060 5220
659 670 837 723 CdetllNA.

370 882 553 946 Defensores
575 883 691 964 aliquos
712 884 781 947 olim
803 887 978 962 habuerunt,

309 1014 366 1087 Qui
388 1034 472 1078 suam
494 1016 531 1076 ab
553 1015 689 1077 hostibus
711 1026 832 1098 gentem
854 1028 1007 1096 eruerunt,

240 1154 244 1163 “
310 1148 386 1226 Non,
407 1155 439 1209 ut
460 1147 562 1210 hostes
584 1150 748 1240 vincerent,
769 1150 827 1212 sibi
848 1157 1056 1231 pepercerunt,

312 1279 400 1341 ltlodo
422 1297 476 1341 sua
498 1280 662 1354 commoda,
683 1298 743 1342 non
765 1298 886 1342 suorum
908 1286 1063 1361 quaerunt.

373 1593 638 1672 Quantumcunque
661 1595 775 1654 saeviat
796 1592 891 1654 hostis
914 1599 944 1653 et
965 1592 1098 1654 intendat

311 1724 431 1800 Ardum,
452 1723 511 1785 tela
533 1726 631 1801 iaciat,
652 1724 747 1806 luget,
768 1722 1009 1804 comprehendat,

311 1853 349 1943 Et
370 1853 525 1916 conculcet
546 1854 682 1933 pedibus,
703 1872 762 1916 non
785 1862 840 1933 est,
862 1857 913 1935 qui
935 1854 1075 1917 defendat

233 2057 236 2060 Α
312 1984 348 2046 Et
369 1988 399 2047 in
420 1985 500 2048 bello
523 1986 634 2048 domini
656 1986 809 2048 dexteram
832 1987 981 2048 emendat.

376 2299 556 2362 Sacerdotes
577 2298 688 2360 Baalim
709 2317 768 2362 non
790 2302 908 2379 estqui
929 2300 1055 2376 occidat,

313 2433 398 2495 Nune
418 2433 578 2514 prophetas
600 2433 710 2495 domini
732 2432 850 2493 lezabel
871 2434 1007 2509 trucidat,

313 2563 351 2625 Et
370 2564 462 2646 Elyas
484 2567 574 2627 etiam
594 2564 714 2647 fugiens
736 2564 884 2643 formidat,

315 2695 391 2757 Dum
411 2698 517 2778 regina
539 2698 678 2758 saeviens
700 2700 797 2758 omnia
819 2700 907 2760 morti
928 2698 985 2759 dat.

378 3009 444 3070 Non
466 3016 512 3070 est
533 3011 584 3102 qui
604 3013 782 3090 praecipitet
803 3010 923 3072 lezabel
945 3014 1090 3092 reginam,

317 3142 423 3203 Deleat
445 3142 586 3204 idolatras
607 3160 662 3222 per
683 3160 770 3222 opem
792 3141 931 3218 divinam,

317 3273 355 3335 Et
376 3274 413 3336 de
435 3274 544 3355 templo
566 3274 678 3336 Baalim
700 3273 789 3336 iaciat
810 3272 945 3334 latrinam

318 3406 459 3487 ldolaque
481 3408 615 3488 gentium
636 3408 731 3468 mittat
752 3407 782 3466 in
804 3407 957 3468 sentinam.

382 3722 454 3795 Quis
477 3727 600 3802 septena
622 3719 752 3782 vindicat
773 3727 897 3781 matrem
919 3719 1002 3801 prole
1025 3719 1144 3796 claram,

320 3854 445 3915 ltlortem
466 3853 602 3914 Eleazari
625 3854 692 3932 quis
713 3853 792 3914 zelat
813 3853 963 3914 amaram?

320 3987 386 4048 Non
409 3988 527 4065 estqui
549 3985 729 4068 sacrilegum
751 3993 860 4048 mactet
880 4003 971 4066 super
992 4005 1083 4062 aram,

323 4118 383 4180 Sed
404 4136 481 4179 nuno
503 4120 574 4178 emit
592 4118 744 4180 Alohimus
767 4118 907 4199 templum
930 4125 960 4178 et
981 4120 1094 4180 tiaram.
